2888 4710
415 194 487 270 ΒΕ
512 192 704 287 ΑΟΠΑΕ
730 191 1013 273 DUO'rfflus.
1286 194 1359 269 lae

70 429 296 525 inducamque
322 426 485 502 beneficii
511 429 699 504 occasione
726 425 772 500 ad
798 427 1054 525 expugnandos
1082 451 1146 502 eos
1173 453 1263 502 nunc

71 547 273 635 abutuntur.
324 541 425 635 Ouid
456 570 561 643 porro
588 543 707 642 fieret,
742 545 871 617 sinon
896 544 1064 617 universa
1088 545 1157 617 ista
1182 545 1262 618 dili-

72 662 286 761 gentissima
321 661 405 758 lege
445 660 712 758 prohiberentur
749 683 933 760 poenaque
970 684 1039 732 non
1076 660 1264 735 mediocris

73 778 340 852 contumacibus
368 777 622 850 intentaretur?
674 774 778 869 Quae
805 777 1020 873 subscripsi,
1049 787 1131 849 sunt
1155 778 1279 876 verba·

72 894 181 993 legis.
402 891 404 895 ’

150 1008 196 1083 Ψ.
231 1006 458 1100 Quintius
493 1008 742 1106 Crispinus
778 1005 884 1084 Cos
919 1007 1132 1105 populum
1166 1008 1364 1084 iure129

41 1108 259 1224 'rogavit
301 1125 575 1223 populusque
618 1125 716 1197 iure¹
758 1124 916 1219 scivit,
969 1129 1011 1198 in
1054 1124 1149 1199 soro
1188 1151 1264 1225 pro

117 1474 276 1567 Quintius)
309 1476 357 1537 est
383 1475 440 1536 lam
462 1475 493 1535 dn
522 1471 610 1536 codd.
638 1491 722 1556 quarn
745 1471 815 1534 edd.
839 1476 919 1554 vet,
948 1490 1007 1535 non
1029 1473 1205 1562 Quinctius,
1234 1479 1267 1539 ut
1301 1497 1350 1548 129

75 1576 173 1653 vulgo
195 1575 320 1652 legitur.
972 1599 975 1605 ·

117 1679 150 1736 in
173 1674 247 1754 foro
271 1691 330 1754 pro
358 1676 468 1735 rostris
496 1675 576 1744 etc.)
607 1670 693 1735 GU:
723 1675 754 1735 iu
772 1672 847 1751 foro
866 1690 925 1752 pre
946 1676 1059 1734 rostris
1078 1672 1169 1735 aedis
1190 1675 1268 1737 Divi

74 1774 158 1837 dolii
178 1773 218 1834 P.
240 1773 280 1835 ll.
300 1771 419 1834 Julius.
460 1772 491 1834 V
506 1773 546 1833 F:
569 1777 600 1834 iu
618 1773 690 1852 foro
708 1802 750 1814 —-
764 1771 845 1832 Julii
862 1772 978 1853 populo
1002 1770 1061 1852 [Ἐξ
1080 1779 1132 1855 p.)
1155 1783 1186 1834 el
1205 1775 1267 1834 Ju-

75 1873 150 1935 lius.
194 1870 323 1935 Ceterae
346 1872 419 1934 edd:
443 1876 474 1933 iu
493 1872 623 1952 foru—
638 1870 718 1932 Julii
736 1889 791 1954 po.
807 1888 855 1931 ro.
880 1866 924 1951 [i.
941 1889 969 1934 e.
991 1869 1095 1952 populi
1117 1871 1265 1956 Romani]

73 1970 245 2034 stlattas.
274 1989 307 2030 r.
329 1970 457 2032 Annott.

122 2069 233 2132 Tribus
253 2068 381 2147 Serpia)
413 2067 482 2130 Pol.
506 2072 537 2132 et
558 2067 641 2131 Seb:
667 2066 773 2130 Tridui
791 2068 932 2148 Serpiue.
962 2066 1024 2129 Sed
1047 2067 1119 2132 [JV
1142 2073 1173 2132 et
1193 2071 1265 2132 edd.

74 2189 154 2252 quas
175 2168 269 2230 novi:
296 2168 402 2230 Tridui
422 2166 543 2247 Seruio.
570 2168 699 2250 denique
722 2170 852 2247 optimus
875 2164 919 2229 ΟΞ
945 2167 1055 2230 Tribus
1074 2168 1197 2249 Serpiu.
1219 2170 1266 2231 cui

73 2267 201 2333 lectioni
223 2267 446 2348 patrocinantur
465 2268 604 2328 Brisson.
628 2267 762 2330 Gronov.
781 2270 812 2328 et
829 2265 948 2342 Scaiig.
977 2266 1027 2329 Gi.
1039 2264 1165 2328 Annott.

120 2366 183 2428 Pro
206 2363 301 2438 tribu)
322 2363 401 2425 'l'res
422 2365 518 2430 codd:
542 2365 648 2429 tribus.
671 2366 803 2428 nimirum
821 2382 952 2447 sequens
969 2364 1004 2428 S.
1022 2383 1113 2428 causa
1129 2369 1177 2430 osi
1193 2385 1264 2429 cor-

72 2465 236 2547 ruptionis.
263 2463 293 2524 V
309 2464 349 2527 F:
371 2463 468 2526 tribus
492 2463 544 2528 VI.
572 2463 621 2527 Cl.
644 2460 771 2527 Annuit

119 2583 248 2647 specus,
273 2563 374 2644 fora.)
409 2562 484 2626 Sub.
513 2564 639 2626 inserit:
666 2582 784 2639 muros,
810 2564 929 2644 fontes,
957 2562 1007 2625 bic
1035 2567 1067 2626 et
1093 2563 1186 2642 inira,
1214 2567 1265 2628 ubi

74 2665 183 2729 eadem
203 2661 356 2744 leguntur.
388 2661 470 2723 ldem
492 2682 532 2724 ex
553 2662 702 2724 simillimo
724 2660 792 2723 loco
815 2663 890 2724 inira
912 2664 1050 2745 sequenti
1072 2668 1144 2742 post
1165 2665 1267 2727 urbem

73 2764 162 2825 addit
186 2761 328 2840 Remum,
358 2765 389 2823 et
415 2765 486 2841 post
513 2761 662 2823 ducuntur
687 2761 768 2823 addit
793 2770 826 2823 et
850 2761 1015 2824 ducentur:
1032 2762 1175 2824 'sortasse
1196 2766 1266 2846 quia

76 2863 108 2924 in
136 2861 155 2922 J
184 2865 216 2923 et
241 2878 302 2925 rec.
350 2866 421 2941 post
449 2861 600 2923 ducuntur
624 2858 721 2920 locum
749 2859 958 2942 interpolatum
985 2860 1102 2923 invenit
1128 2860 1208 2923 bunc
1236 2863 1266 2926 in

75 2961 214 3027 modum}
236 2959 386 3023 ducuntur
407 2979 549 3022 earumve
570 2980 657 3041 uuum
678 2963 791 3022 sciens.

118 3058 256 3134 atuor)
278 3057 336 3120 Hic
358 3062 389 3121 et
409 3059 486 3121 iufra
505 3056 638 3121 nonnulli
659 3057 728 3120 libri
749 3058 885 3136 tubulos,
907 3058 957 3120 alii
979 3059 1156 3121 vocabulum
1175 3061 1268 3123 omil-

76 3162 156 3224 luni.

116 3257 273 3340 seranda)
300 3257 384 3322 ndu:
405 3258 516 3338 forare
535 3263 912 3339 rumpereue-curaceril.
954 3257 1002 3321 De
1025 3257 1172 3321 infinitivo
1194 3261 1266 3338 post

76 3356 203 3420 verbum
232 3376 343 3419 curare
368 3376 398 3418 v.
425 3357 461 3417 ad
487 3357 557 3420 Art.
578 3361 626 3418 li.
670 3356 733 3419 Sed
756 3359 843 3419 codd.
866 3360 1031 3421 auctoritas
1052 3358 1154 3438 potior
1175 3358 1266 3418 vide-

75 3454 178 3520 batur.

117 3559 284 3637 peioraue]
312 3555 485 3618 Emendatio
509 3555 581 3619 Scb.
604 3560 668 3631 est,
693 3557 808 3617 omnino
831 3555 1018 3632 necessarior
1041 3572 1127 3637 quarn
1148 3554 1265 3635 anrple-

77 3674 137 3715 xns
160 3657 208 3715 cst
228 3654 334 3714 ileinr.
377 3654 532 3715 Librorum
555 3655 648 3716 lectio
668 3652 814 3736 peiorc'oe
834 3658 974 3734 corrupta
996 3657 1064 3732 est3
1086 3673 1146 3735 quo
1168 3656 1266 3733 brugis

77 3753 185 3832 miror‚'
207 3752 275 3815 Pol.
299 3754 430 3814 edidisse
450 3757 636 3834 prioremve.

118 3872 176 3914 eae
201 3872 252 3934 up.
279 3872 420 3914 eorumve
446 3860 569 3935 puceu.)
601 3853 676 3915 Post
702 3852 768 3914 Pol.
799 3853 897 3915 editur
923 3872 980 3915 coe
1001 3871 1102 3936 upuue
1124 3873 1266 3916 earumve

77 3970 141 4034 pua
169 3947 211 4032 (ἰ.
235 3970 264 4013 c.
287 3951 414 4034 aliqua).
457 3951 520 4013 Sed
548 3951 638 4013 video
669 3954 700 4013 iu
726 3950 771 4015 G:
803 3971 842 4014 eu
863 3972 902 4014 eu
923 3972 983 4036 pua
1004 3974 1022 4016 e
1042 3972 1168 4016 aramue
1188 3972 1267 4035 puae

77 4069 151 4132 quo.
195 4052 340 4138 Quoniam
364 4051 471 4112 deinde
492 4050 616 4112 alterum
637 4070 675 4111 eu
697 4050 875 4130 superfluum
898 4070 967 4114 esse
990 4052 1165 4130 ridebatur,
1187 4051 1217 4112 in
1241 4051 1267 4112 U

77 4148 109 4210 V
130 4151 277 4214 manavit:
299 4170 338 4212 eu
360 4171 420 4234 pua
441 4169 582 4212 earumve
603 4168 681 4231 puae
702 4168 772 4232 pua.
803 4149 869 4211 Alii
891 4168 995 4212 rursus
1017 4151 1146 4211 onrisere
1168 4170 1266 4233 φατες

77 4248 158 4308 unde
186 4249 217 4310 in
244 4248 399 4311 detrec.
425 4248 521 4310 abiit:
551 4265 590 4310 ea
616 4267 676 4331 pua
703 4267 845 4310 earumve
872 4268 943 4332 pua.
987 4249 1088 4311 Aliter
1110 4249 1197 4311 etiam
1221 4246 1265 4309 0:

76 4365 117 4409 eu
139 4366 200 4430 pua
221 4367 361 4412 earumve
381 4368 492 4432 aquae.
515 4352 546 4408 ct
566 4348 607 4410 Fa
630 4367 669 4411 eu
690 4366 799 4432 apuam
820 4367 962 4412 earumve
977 4367 1097 4430 apuam.
1125 4346 1269 4408 Redimus
