2888 4710
520 202 927 293 aucupibus

176 439 283 511 Nunc
317 435 535 534 providentia
569 437 827 536 diligentissimi
854 439 1053 535 Principis,
1096 436 1267 535 quidquid
1302 451 1353 512 aut

176 552 357 628 fraudibus
384 553 606 648 aquariorum
631 556 934 652 intercipiebatur,
976 564 1035 628 aut
1060 555 1186 627 inertia
1213 576 1353 651 perver-

175 671 323 760 tebatur,
341 670 443 765 quasi
469 693 561 743 nova
589 670 785 745 inventione
812 672 956 744 sontium
983 670 1150 744 accrevit.
1176 668 1352 768 Acprope

177 785 351 883 publicata
376 783 521 858 ubertas
548 800 623 873 est3
663 798 777 861 tamen
814 802 850 860 et
875 786 1000 860 sedula
1026 783 1153 859 deinde
1178 786 1353 883 partitione

178 901 373 994 distributa7
400 900 681 998 ut1·egionibuS‚
710 902 837 999 quibus
864 902 1026 1000 singulae
1040 902 1248 976 sentiebant
1259 925 1352 997 aqua,

177 1018 297 1114 plures
325 1015 507 1089 darentur:
547 1028 724 1113 tamquam
749 1015 876 1094 Coelio
903 1030 938 1090 et
963 1018 1144 1092 Aventino
1158 1036 1179 1109 ,·
1209 1023 1246 1091 in
1273 1040 1354 1114 quos

179 1133 255 1207 sola
274 1131 419 1205 Claudia
444 1156 508 1230 per
534 1156 639 1205 arcus
658 1132 882 1206 Neronianos
908 1132 1119 1207 ducebatur:
1148 1155 1219 1229 quo
1246 1132 1353 1227 fiebat,

176 1263 226 1341 ut,
255 1248 415 1343 quotiens
441 1248 585 1320 relectio
611 1248 726 1344 aliqua
751 1249 1011 1343 intervenisset
1040 1249 1262 1324 celeberrimi
1286 1250 1353 1323 cal-

178 1367 233 1439 les
271 1364 417 1437 sitirent.
466 1360 612 1454 ¹Quibus
650 1389 742 1438 nunc
779 1365 900 1462 plures
939 1389 1075 1460 aquae,
1116 1370 1214 1438 etin
1241 1367 1354 1463 primis

178 1483 316 1555 Marcia
353 1477 489 1553 reddita
527 1480 694 1577 ampliore
727 1506 835 1578 opere
869 1506 889 1553 a
916 1479 1045 1557 Coelio
1078 1481 1113 1553 in
1138 1479 1353 1555 Aventinam

178 1621 291 1693 usque
317 1593 528 1693 perducitur.
579 1595 701 1691 Atque
728 1603 834 1671 etiam
860 1602 953 1670 omni
979 1607 1076 1693 parte
1102 1596 1215 1673 Urbis
1249 1597 1350 1683 lacus,

178 1726 248 1786 tam
272 1712 355 1785 novi
381 1735 484 1806 quam
504 1722 658 1807 veteres,
686 1712 844 1809 plerique
870 1712 971 1785 binos
998 1712 1167 1786 salientes
1194 1712 1352 1785 diversa·

179 1853 255 1902 rum
282 1851 450 1925 aquarum
477 1838 710 1926 acceperunt,
738 1837 799 1922 ut,
828 1829 858 1900 si
885 1851 994 1901 casus
1020 1828 1224 1903 alterutram
1248 1830 1349 1927 irnpe-

181 1945 305 2036 disset
334 1943 441 2018 altera
468 1943 665 2016 sufficiente
690 1969 759 2018 non
786 1944 1036 2018 destitueretur
1061 1967 1163 2019 usus.

106 2062 156 2135 88
256 2059 375 2138 Sentit
399 2057 487 2133 banc
513 2085 630 2134 curam
657 2060 883 2157 Imperatoris
910 2060 1061 2158 piissimi
1085 2060 1236 2135 Nervae
1253 2060 1349 2136 Prin·

181 2176 269 2276 cipis
295 2183 353 2250 sui
378 2176 501 2274 regina
527 2187 562 2249 et
588 2176 725 2250 domina
751 2177 848 2250 orbis
875 2177 908 2249 in
934 2175 1029 2275 dres3
1068 2187 1104 2249 et
1128 2181 1249 2275 magis
1273 2200 1349 2251 sen·

185 2482 356 2543 congruens
378 2466 441 2540 ost,
480 2465 511 2524 et
531 2460 625 2522 rerba
647 2464 704 2523 tarn
726 2460 813 2540 plana
834 2465 866 2524 at
886 2462 1046 2541 expedita,
1076 2463 1109 2524 at
1139 2460 1216 2524 uilril
1237 2458 1352 2541 amplias

183 2568 224 2628 sit
246 2563 462 2626 illustrandum.

221 2674 254 2727 at
272 2667 352 2744 rep.)
376 2659 484 2724 Cadd:
506 2668 570 2722 nat.
593 2661 683 2721 obvia
703 2659 928 2740 parruutationc.

218 2763 377 2848 publicata
397 2759 464 2843 ab.)
487 2759 591 2822 lnsero
614 2769 689 2837 tata,
710 2759 785 2821 vitio
809 2760 949 2822 oraim
970 2763 1095 2839 propter
1111 2757 1257 2837 syllabam
1273 2760 1354 2822 anle-

186 2864 340 2927 cedentem
362 2870 407 2922 ta·
429 2859 569 2923 numu.

220 2970 252 3025 et
269 2959 397 3034 sedala)
418 2962 464 3021 ita
485 2958 603 3020 sedala.
631 2956 769 3020 llElNll.

222 3062 381 3133 darentur]
403 3059 488 3120 uda:
511 3057 628 3120 darent.

220 3161 365 3241 resectio)
387 3156 469 3222 Libri
493 3153 630 3236 (praeter
651 3153 712 3228 (ibt
734 3155 880 3236 desectio.

224 3258 374 3342 ampliare
394 3275 488 3338 opere
507 3276 529 3318 a
544 3254 644 3325 Cael.)
668 3254 720 3316 Sic
739 3253 898 3332 legendam
921 3273 992 3317 esse
1013 3261 1045 3319 et
1065 3255 1208 3319 librorum
1230 3256 1361 3333 vasttgu

186 3366 217 3423 et
237 3379 287 3423 res
308 3359 461 3420 evincunt.
496 3353 538 3418 C:
560 3354 661 3434 amplo
682 3358 770 3437 aperi
790 3374 812 3416 a
831 3375 866 3416 se
887 3357 918 3416 iu
938 3356 1048 3416 Anat.
1080 3352 1124 3418 U:
1145 3356 1261 3437 arrplr'o
1283 3356 1360 3427 (alc)

67 3462 74 3479 '
185 3480 278 3541 apere
308 3476 330 3520 a
352 3475 388 3521 se
408 3460 441 3517 ia
460 3457 522 3517 Ao.
565 3452 612 3516 V:
634 3454 785 3536 ampliare
804 3472 845 3514 aa
865 3471 963 3535 opera
990 3457 1022 3514 ire
1048 3456 1110 3515 Aa.
1151 3453 1191 3518 F:
1214 3454 1362 3535 ampliare

186 3577 282 3639 opera
303 3561 335 3619 ia
354 3559 414 3619 Aa.
435 3555 454 3615 l
477 3557 508 3615 et
528 3570 598 3615 reo:
621 3554 770 3636 ampliore
792 3571 885 3634 opere
905 3572 927 3614 a
947 3553 1052 3616 Coelio
1072 3557 1104 3616 is
1118 3554 1180 3616 Aa.
1222 3551 1293 3615 Pol.
1315 3552 1362 3613 le-

185 3660 291 3735 gerat:
313 3655 414 3737 amplo
437 3673 529 3736 opere
549 3673 570 3715 a
591 3654 675 3717 Cael.
725 3652 807 3715 Scir:
834 3653 966 3732 amplior
994 3671 1088 3734 opere
1108 3672 1130 3714 a
1153 3651 1220 3734 Spe
1246 3657 1280 3715 ira
1304 3653 1361 3713 Aa.

186 3754 235 3817 Cf.
258 3754 384 3817 Annott.
1384 3790 1388 3795 -

226 3858 327 3937 Aipae
347 3857 452 3923 adnm)
474 3854 509 3915 J:
531 3863 621 3936 atque
640 3864 681 3916 et.

115 3992 148 4044 ab
222 3974 330 4051 rapina
350 3977 383 4032 et
402 3968 523 4030 domina
544 3965 645 4049 orbis)
666 3970 790 4044 integer
806 3967 891 4028 lorus
908 3968 937 4027 in
955 3964 1042 4028 libris
1058 3965 1194 4029 omnibus
1217 3968 1285 4028 est:
1307 3965 1361 4029 do·

187 4075 268 4134 rur'na
288 4067 373 4132 orbis
394 4072 426 4129 iu
447 4067 525 4145 dica,
548 4088 626 4150 quae
647 4078 795 4129 terraram
812 4067 872 4129 dea
893 4069 1044 4142 consistit,
1072 4070 1123 4127 eui
1147 4084 1210 4147 par
1229 4064 1310 4128 atiel
1334 4070 1362 4127 d

184 4169 262 4233 nibil
282 4166 461 4245 amam
500 4177 531 4229 et
554 4170 652 4247 anapia
676 4175 753 4229 sent.
795 4166 930 4229 Blandus
958 4164 1081 4226 Flavias
1109 4163 1184 4226 lnst.
1213 4162 1305 4227 Rom.
1325 4162 1360 4227 ll.

185 4289 216 4349 p.
239 4273 311 4333 255.
354 4264 963 4331 B·Basil.155910ranrsicexbibat:
999 4262 1101 4327 Sentit
1120 4296 1160 4307 —
1188 4267 1240 4325 aar
1264 4262 1361 4326 nona

184 4371 292 4451 rapina
313 4365 397 4433 orbis
418 4373 450 4431 ot
468 4374 615 4428 terraram
636 4363 774 4441 danica,
803 4369 853 4426 cui
881 4383 943 4445 par
969 4362 1062 4443 nibil,
1090 4360 1168 4425 nibil
1186 4358 1377 4429 amandu·
