2888 4710
72 173 127 251 :c
515 169 923 297 FRONTINUS

174 406 502 503 arcuationibusque
534 406 594 480 vel
626 405 765 479 erismis
800 406 1004 503 erigeretur.
1056 402 1234 501 Sequitur
1258 401 1353 479 ludus

170 523 294 597 libram
318 522 448 620 Virgo,
484 521 609 597 deinde
632 520 773 619 Appia;
812 544 1007 617 quaecum
1034 522 1351 619 ex·ur·banoagro

175 638 463 736 perducerentur,
502 663 571 713 non
602 639 637 710 in
669 649 800 711 tanturn
825 636 1014 712 altitudinis
1041 637 1131 734 erigi
1157 644 1348 734 potuerunt

172 754 346 831 Omnibus
373 754 532 828 humilior
554 752 731 827 Alsietina
758 764 823 850 est,
865 777 954 851 quae
980 753 1272 828 Transtiberinae
1295 768 1348 825 re-

170 873 266 969 gioni
293 882 328 945 et
354 872 505 944 maxime
528 869 721 946 iacentibus
746 869 835 944 locis
862 870 983 943 servit.

121 985 170 1060 19
219 986 280 1062 Ex
306 985 360 1061 his
386 1009 453 1060 sex
483 989 542 1059 via
560 984 701 1080 Latina,
728 990 816 1061 intra
840 985 918 1061 VH
943 985 1148 1082 milliarium,
1176 990 1346 1060 contectis

169 1104 315 1200 piscinis
348 1106 586 1201 excipiuntur,
626 1101 686 1175 ubi
717 1107 818 1200 quasi
842 1108 1038 1201 respirante
1062 1106 1221 1175 rivorum
1246 1126 1345 1175 cursu

167 1385 245 1448 risco
267 1388 394 1465 notatur,
416 1384 523 1448 hocin
547 1388 712 1468 eriperetur
732 1385 891 1447 vertitur.“
929 1383 1053 1448 Corrad.
1076 1384 1242 1465 proponit:
1266 1394 1342 1459 cete-

168 1488 213 1546 ris
233 1489 308 1565 erip.
332 1485 353 1545 l.
376 1504 403 1549 c.
425 1504 514 1565 supra
535 1480 652 1547 ceteras
673 1503 773 1566 aquas.
817 1484 891 1547 Solu.
914 1485 942 1546 in
963 1489 1024 1548 not.
1048 1501 1090 1544 cr.
1113 1484 1273 1547 emendat:
1293 1506 1342 1549 sr-

168 1585 359 1647 cuctionidus
378 1585 430 1646 vel
450 1588 577 1648 artemio.
607 1584 647 1646 nt
666 1585 710 1645 sic
733 1584 823 1645 edidi.
868 1603 901 1645 v.
923 1585 1050 1647 Annott'.
1072 1583 1105 1646 ln
1127 1586 1232 1645 textus
1253 1588 1341 1647 auten

165 1701 282 1745 recens.
309 1682 404 1759 legit:
440 1684 493 1746 oct
520 1686 610 1745 ettam
640 1694 673 1745 ut
700 1692 821 1746 ceterae
847 1687 934 1746 raetis
958 1688 1032 1766 erip.
1059 1681 1172 1760 „durch
1201 1682 1340 1761 meur“;

164 1780 236 1844 nihil
257 1782 379 1843 rationis
400 1782 551 1843 adiicicns.

205 1880 428 1961 duiualidram)
450 1880 526 1949 VT:
542 1880 682 1943 tractio.
691 1914 732 1927 ·-
742 1879 1091 1965 perducermtuUUJ:
1111 1880 1340 1965 perduceretur

205 1974 392 2059 recentibus]
414 1978 445 2041 V
465 1982 496 2042 et
518 1982 595 2043 edd:
618 1981 855 2044 subiacentibus.
877 2002 909 2043 v.
925 1981 1052 2044 Annott.

103 2097 135 2152 19
208 2078 263 2142 Ea
281 2078 331 2141 dis
350 2084 421 2154 sec)
444 2077 563 2142 UJct
583 2092 652 2142 rec:
673 2080 736 2144 Ec
745 2081 793 2142 luis
813 2084 866 2142 cic
886 2081 959 2142 Lot.
981 2100 1049 2142 oea.
1071 2078 1162 2142 VT.
1185 2078 1240 2141 Er
1260 2056 1342 2143 duis:

162 2183 217 2241 ota
236 2179 310 2241 Lot.
332 2179 396 2241 aed.
417 2177 528 2241 Atc:
569 2178 657 2242 Ec
645 2199 673 2241 rs
693 2199 760 2241 oea.
790 2199 873 2262 quern
897 2181 1027 2241 ordinem
1049 2197 1112 2239 oum
1134 2177 1204 2240 Pol.
1227 2180 1340 2241 retinui.

163 2277 312 2340 Videntur
331 2277 441 2339 librarii
461 2277 532 2338 illud
555 2298 611 2369 sec
631 2299 649 2340 a
669 2279 825 2340 vocabulis
846 2300 885 2341 ec
905 2279 953 2340 dia
977 2277 1157 2356 seiunxissc,
1180 2296 1219 2344 nc
1240 2280 1340 2340 eodem

166 2396 236 2439 casu
257 2377 446 2456 accipiantur,
471 2395 534 2438 cum
556 2398 613 2439 sea
633 2379 674 2440 slt
695 2377 869 2438 srrhicctunr.

212 2480 373 2551 contectis)
396 2473 495 2539 ltac.
520 2474 621 2540 Ceteri
641 2476 710 2539 libri
726 2497 781 2538 coo
783 2481 883 2539 tentis.
921 2476 1000 2538 lnl‘ra
1012 2475 1060 2595 V:
1055 2480 1262 2585 excipimur.
1304 2478 1339 2539 ll:

162 2578 323 2679 excipitur.

212 2676 327 2737 limum'
333 2669 420 2757 dep.)
441 2674 472 2737 V
491 2675 516 2738 T
538 2694 595 2736 orn.
618 2675 737 2752 limum
758 2676 847 2757 idque
872 2656 1077 2737 v‘ocahulom
1068 2694 1108 2737 m·
1114 2675 1141 2738 U
1160 2666 1264 2741 lrtte'ra
1277 2676 1340 2779 ten-

161 2776 222 2838 tum
243 2773 392 2835 initialil.
415 2777 564 2836 exaratur.
602 2775 824 2837 Praetereal':
847 2773 1089 2879 deponttcrcq

210 2879 328 2949 earum)
354 2891 412 2935 om.
433 2875 463 2936 J.
486 2877 601 2936 etrec.
1140 2878 1143 2883 '
1198 2866 1213 2875 ”
1303 2862 1306 2867 ’

212 2973 349 3036 Unantur
370 2976 444 3045 etc.)
475 2972 543 3035 Una
574 2982 671 3035 autem
692 2992 793 3034 eorum
812 2972 913 3049 Julia,
935 2973 1074 3051 Mareia,
1099 2972 1217 3054 Tepula
1245 2970 1341 3059 (pace

161 3074 554 3156 intercepta—accesserat,
574 3074 793 3152 nunc-vemt)
820 3072 879 3133 tae
901 3074 1098 3154 tres—recip.
1141 3070 1188 3132 lta
1218 3072 1339 3149 habeut,

160 3171 186 3234 sl
206 3170 395 3253 parenthesis
415 3171 502 3248 signa
523 3170 650 3250 excipis,
673 3169 699 3235 G
721 3169 758 3236 U.
794 3169 893 3233 Locus
914 3173 1066 3233 admodum
1088 3188 1134 3231 nro
1151 3160 1251 3235 torsit.
1280 3172 1340 3235 lu-

161 3271 325 3350 rcntlrcsis,
348 3288 432 3352 quam
452 3272 553 3350 posui,
576 3270 613 3330 ad
634 3269 777 3350 Tepulam
798 3273 944 3351 pertinet:
966 3291 1062 3354 supra
1083 3274 1201 3350 spectat
1214 3270 1254 3333 'sd
1270 3270 1339 3335 Art

159 3373 191 3432 9.
234 3371 317 3459 Quae
338 3369 498 3448 remanent,
529 3368 571 3431 lta
591 3368 730 3449 explico:
765 3369 870 3432 Earum
893 3375 989 3432 autern
1013 3373 1086 3442 (sex
1106 3373 1261 3450 aquarum)
1282 3362 1339 3433 l'ac

160 3472 234 3548 tres,
255 3469 344 3547 Julia,
364 3467 491 3549 Marcia,
512 3467 639 3547 Tepula,
661 3487 719 3530 una
741 3469 777 3543 (i.
800 3489 828 3534 c.
850 3469 951 3542 simul)
975 3470 1173 3549 apisclnls
1163 3486 1194 3530 m
1216 3470 1338 3531 cosdem

158 3585 246 3629 arcus
267 3570 459 3650 recipiuntur.
501 3566 667 3630 Pronomen
687 3567 745 3630 dae
765 3569 963 3631 necessarium
985 3569 1059 3631 lecit
1074 3567 1267 3665 parenthesis
1282 3556 1339 3631 ¹nll-

160 3660 269 3748 quanto
291 3663 423 3744 longior.
445 3665 536 3730 POL
558 3664 666 3729 Seli.
657 3686 688 3729 nr
709 3671 773 3730 not.
796 3687 839 3730 cr.
862 3669 1014 3730 emendat:
1038 3669 1106 3731 Una
1123 3677 1222 3730 autern
1241 3658 1342 3731 meam

157 3762 247 3829 Julia
266 3765 451 3850 Marcioque
480 3776 511 3828 et
540 3766 670 3850 Tepula,
699 3787 775 3850 quae
796 3771 873 3846 eto:
897 3770 926 3830 in
947 3770 1015 3830 text
1035 3780 1103 3829 rec:
1147 3769 1217 3832 Usa
1241 3778 1339 3857 astes:

157 3883 261 3928 earum
280 3869 413 3928 tutentur
435 3865 571 3938 (werden
591 3865 750 3945 geeiclret)
792 3865 891 3946 Julia,
917 3866 1027 3929 M.t
996 3875 1027 3930 et
1049 3866 1176 3949 Tepula,
1199 3886 1280 3952 puae
1297 3902 1339 3915 ·-

157 3969 250 4027 vertit.
271 3964 344 4029 Hae
364 3972 426 4028 tres
448 3969 508 4027 etc.
550 3965 655 4027 Heinr.
678 3965 853 4042 distinguit:
897 3968 964 4030 Una
985 3966 1084 4029 cutem
1105 3985 1208 4030 earum
1228 3966 1264 4029 J.
1286 3966 1337 4031 M.

162 4063 208 4142 T,
230 4069 440 4146 ome-oenc.
461 4064 533 4126 Hae
554 4074 617 4126 tres
638 4067 698 4127 etc.
720 4065 805 4128 lianc
827 4084 944 4150 quoque
966 4067 1108 4145 syntaxin
1129 4083 1190 4143 ego
1207 4084 1269 4128 non
1284 4084 1337 4127 as-

157 4181 279 4244 sequor.
320 4163 422 4246 Atque
445 4162 541 4224 olonrn
564 4167 594 4226 et
615 4182 734 4245 oporam
755 4166 876 4246 perdas,
905 4165 931 4226 si
953 4166 981 4227 in
1004 4164 1030 4229 G
1053 4164 1081 4227 U
1100 4164 1230 4227 lectione
1251 4169 1337 4229 recto

157 4263 381 4343 interpretanda
407 4263 554 4324 desudes:
582 4281 646 4324 narn
673 4269 812 4345 corrupta
838 4268 896 4326 est.
939 4263 973 4326 ln
1001 4283 1064 4332 ean
1096 4264 1189 4341 igitur
1211 4250 1335 4326 discedo

157 4363 351 4444 sententian,
389 4367 423 4428 ut
451 4361 503 4425 uel
535 4360 637 4426 mutila
664 4363 790 4428 iudicem
819 4362 869 4426 illa
894 4384 955 4429 una
983 4372 1208 4431 autemeam:
1235 4363 1335 4441 Μία,
