2888 4710
426 186 496 261 DE
522 186 712 280 AQUAE
736 187 1017 272 DUG'l'lBUS.

71 418 237 491 milliario
263 420 477 517 coepissent,
515 432 679 517 quantum
710 425 939 500 subterraneo
965 428 1053 522 rive⁷
1098 436 1261 523 quantum

73 534 352 633 substructione,
397 546 561 633 quantum
594 562 701 636 opere
735 552 894 635 ereuet05
936 553 1017 641 pest
1050 543 1262 619 altitudinem

71 743 344 765 —w

74 872 138 935 que
159 852 266 917 medus
294 851 382 915 exU
413 853 654 934 transitumn,
681 873 754 937 quae
780 857 909 919 nimirum
940 864 1005 921 orta
1031 876 1100 920 esse
1128 858 1265 922 videntur

74 969 121 1014 ex
143 970 194 1013 eru
215 951 275 1014 loci
311 954 566 1032 interpretatione.

163 1058 195 1115 et
215 1051 342 1133 eutem
372 1049 417 1114 C:
440 1062 472 1113 et
491 1074 530 1114 eu
552 1057 590 1113 ie.
619 1050 664 1115 U:
694 1065 775 1116 etee
804 1060 882 1136 quis.
916 1056 945 1119 V
968 1057 1009 1119 F:
1032 1065 1064 1119 et
1083 1079 1123 1119 eu
1146 1057 1263 1146 quidue.

165 1150 312 1213 cultiores
333 1152 512 1232 appellunt)
535 1151 616 1212 Libri
638 1171 739 1213 onines
760 1156 969 1235 appellentur.
991 1157 1067 1216 unde
1081 1154 1153 1219 Seli.
1169 1157 1265 1233 legit:

77 1249 217 1313 cultiora
237 1251 444 1333 appellentur,
468 1250 533 1311 seii,
557 1269 686 1311 munera.
716 1252 783 1313 Non
805 1256 962 1316 assentior.
989 1275 1023 1315 v.
1045 1253 1170 1317 Annett.
1193 1252 1266 1316 Sin-

77 1348 196 1428 galeris
217 1357 266 1411 eet
285 1347 375 1412 leetin
396 1349 491 1412 Paris·
514 1351 660 1412 cultiores
681 1372 732 1412 ree
753 1354 960 1435 appellantes·
975 1388 1015 1397 -
1034 1352 1061 1415 U
1082 1372 1140 1414 om.
1158 1357 1245 1415 enim.

166 1447 305 1528 lentim)
327 1449 373 1510 lta
394 1446 432 1511 C.
454 1469 487 1509 v.
509 1449 808 1512 Annottoenumine
830 1452 942 1532 Caes.)
965 1451 1038 1514 sm.
1053 1451 1130 1529 legit
1142 1456 1265 1532 nontim‘,

78 1549 266 1610 assentiente
291 1547 393 1609 ileinr.
416 1568 448 1609 v.
472 1549 507 1608 ad
529 1547 598 1610 Art.
622 1555 672 1611 ts.
696 1546 740 1611 O:
761 1555 879 1612 nemine
899 1551 978 1613 nutu
1000 1552 1159 1614 Caesarie.

165 1646 253 1726 tnui)
275 1647 391 1710 usibus.
413 1647 552 1710 HEINB.

167 1746 251 1831 quod
270 1748 337 1826 ius)
359 1747 479 1808 Excidit
497 1757 651 1829 pestremo
673 1753 723 1810 eut
735 1749 873 1831 dentque,
895 1749 1065 1831 absorptum
1084 1747 1268 1812 avoeeltulo

81 1846 296 1927 praecedente.
319 1846 458 1908 liillNR.

168 1960 373 2023 ducendarum
393 1962 629 2045 tuendarumque
648 1967 723 2038 ete.)
746 1963 812 2025 Pei.
836 1983 899 2025 eum
921 1964 1015 2025 Paris.
1039 1966 1070 2025 et
1091 1964 1166 2025 edd:
1189 1963 1272 2047 quod

83 2067 135 2125 iue
156 2060 334 2123 tuendarum
354 2064 396 2122 m't
416 2082 529 2123 earum.
573 2061 635 2125 Sed
665 2062 795 2124 Frentini
821 2083 932 2124 manum
955 2064 1046 2124 fnisse
1069 2063 1163 2143 aliam,
1186 2064 1269 2124 trium

85 2161 177 2224 eedd.
196 2163 332 2238 -urguunt
357 2162 505 2237 vestigia:
548 2162 631 2242 quod
656 2165 705 2223 ius
729 2162 965 2246 tuendarumque
1008 2162 1073 2233 (Vt
1100 2181 1179 2245 quae
1177 2163 1202 2241 J
1230 2167 1275 2223 eit

87 2259 150 2333 (Ut
171 2261 251 2340 tint)
283 2278 444 2342 earumque
485 2262 547 2332 (νε
570 2280 689 2336 eurum,
719 2263 815 2344 quae)
846 2262 880 2323 id
906 2266 1047 2324 sanciunt
1068 2261 1133 2333 (Vt
1153 2259 1272 2342 faeiat)

85 2379 192 2443 poena
219 2365 278 2422 ete.
326 2356 447 2441 Aliquid
476 2361 613 2421 entissum
642 2379 711 2421 esse
746 2366 813 2422 ante
842 2362 1077 2444 tuendarumque
1103 2361 1271 2441 suspicatus

86 2458 165 2522 Seii.
189 2450 236 2533 (et
256 2463 327 2538 pest
348 2477 412 2520 eum
435 2458 555 2533 lieinr.)
578 2459 701 2521 inseruit
723 2459 927 2521 ducendarum
934 2480 949 2537 ,¹
971 2477 1094 2541 eumque
1115 2462 1199 2523 reete
1220 2460 1271 2520 ie·

88 2560 181 2638 eisse,
203 2560 326 2638 apparet
347 2577 387 2619 ex
407 2558 510 2618 verbis
531 2557 600 2620 Art.
623 2564 680 2620 nt:
703 2559 856 2641 Sequitur,
878 2569 913 2621 ut
932 2560 1107 2638 indicemus,
1130 2558 1212 2641 quod
1225 2562 1273 2619 ius

89 2651 251 2720 ducendae
271 2658 460 2739 tuendaeque
475 2661 522 2717 eit
542 2676 651 2737 equae.
674 2692 712 2702 -
735 2658 873 2733 Pergitur
900 2657 929 2718 in
958 2659 1026 2718 edd.
1059 2669 1127 2718 ree:
1159 2676 1272 2735 eurum,

89 2753 152 2840 qu'u
180 2762 371 2818 contumaees
397 2756 572 2837 efficiantur
595 2776 713 2838 poene,
741 2777 780 2817 ee
807 2757 891 2836 teqe,
922 2754 1054 2817 Senatus
1076 2756 1223 2817 consultis
1245 2765 1276 2816 et

87 2855 243 2917 mandetis
262 2859 431 2938 principum
452 2860 602 2936 irroqntu.
644 2856 738 2917 Paris·
766 2855 844 2915 FJ:
874 2874 933 2938 qun
960 2855 993 2916 id
1021 2855 1143 2935 usqietet
1159 2873 1272 2936 poena,

89 2958 331 3036 deqe-irreqatu.
375 2955 573 3017 Contumuees
602 2960 649 3017 est
675 2955 855 3035 interpretis·
905 2954 998 3015 Verbi
1033 2954 1155 3034 efficiat
1189 2954 1274 3025 (item

90 3056 286 3137 efficiuntur)
310 3055 396 3131 engo
418 3056 585 3116 reducenda
607 3060 654 3117 est
675 3054 890 3144 end-lectionem
913 3052 1017 3115 conv
1029 3054 1142 3134 faetet,
1166 3053 1275 3131 depra-

89 3161 189 3217 vatam
218 3155 372 3215 meniseste
402 3173 442 3215 ex
468 3155 641 3234 compendio
669 3159 773 3216 sueiut
803 3155 823 3214 i.
851 3172 880 3215 e.
909 3157 1041 3215 eunetut.
1084 3150 1276 3214 pessumdata

90 3253 233 3336 quaedum
256 3256 323 3315 eunt
343 3254 428 3315 etiem
452 3254 480 3315 in
502 3254 607 3333 eedd.;
630 3273 750 3337 quorum
771 3254 818 3317 V:
846 3272 949 3334 poene
970 3259 1017 3314 eet
1037 3251 1275 3330 leqe-irrnqntn.

92 3353 138 3416 U:
159 3372 261 3435 poena
282 3373 300 3414 e
321 3355 579 3433 teqe-inroqutue.
624 3353 680 3430 Οἱ,
690 3351 812 3436 poene!
839 3374 857 3414 e
878 3356 950 3433 tiqe.
973 3359 1098 3412 senatus
1120 3349 1278 3411 consulto!

90 3453 247 3515 mundetis
266 3470 317 3534 pr.
339 3456 510 3532 inreqntee.
554 3453 617 3514 Sed
640 3454 782 3515 eiusmodi
804 3452 875 3515 haee
897 3454 980 3528 sunt,
1011 3453 1043 3510 ut
1070 3467 1128 3510 nen
1155 3449 1279 3528 amplius

93 3552 281 3614 dubitandum
303 3552 352 3630 sit,
378 3553 445 3633 quin
466 3555 548 3614 reete
571 3551 637 3614 Pel.
661 3553 803 3614 ediderit:
835 3571 913 3635 qune
940 3549 973 3610 id
999 3552 1141 3611 sanciant
1158 3567 1279 3631 poenae

93 3638 135 3716 ee
156 3652 238 3733 leqe,
268 3651 401 3713 Senatus
427 3653 575 3715 consultis
605 3660 636 3714 et
659 3673 698 3712 m.
726 3672 777 3734 pr.
805 3655 972 3728 irrequtee.
994 3648 1045 3709 vel
1066 3651 1166 3728 petius
1187 3645 1279 3712 Seu:

94 3773 233 3836 quaeque
257 3752 291 3814 id
317 3756 460 3812 sanciunt
486 3757 545 3813 ete.
589 3752 702 3828 Legem
733 3750 828 3811 habes
848 3749 917 3810 Art.
949 3753 1020 3825 129,
1054 3749 1183 3811 Senatus
1205 3768 1280 3813 oen-

57 3854 62 3861 '
93 3853 173 3915 suite
192 3853 260 3913 inde
281 3851 318 3913 ab
340 3850 409 3913 An.
434 3856 502 3911 100.
544 3851 648 3912 Heinr.
671 3850 795 3928 eniplius
817 3847 964 3909 correxit:
993 3866 1071 3930 quae
1100 3855 1175 3925 sint,
1204 3870 1282 3932 quae

94 3952 129 4014 id
149 3956 301 4039 sanciunt.
345 3951 475 4012 Frustra.
498 3949 639 4012 Libenter
660 3953 761 4011 contra
782 3948 944 4028 amplecter
965 3948 1029 4008 eius
1051 3949 1280 4010 emendationem

94 4051 225 4132 leqtdue.
272 4051 414 4130 Disputat
446 4054 541 4112 antem
574 4052 633 4111 ita:
677 4051 774 4126 „Erat
807 4047 915 4127 sigium
952 4032 1013 4130 leq.
1046 4049 1068 4109 i.
1092 4067 1120 4110 e.
1152 4049 1281 4130 leqt'due.

93 4150 164 4213 Art.
188 4156 246 4212 et:
269 4151 366 4231 teqes.
399 4151 468 4213 Art.
491 4157 549 4214 95:
572 4150 702 4230 leqidue.
732 4150 801 4212 An.
825 4157 904 4214 103:
928 4151 1024 4230 leqee.
1056 4149 1283 4231 .1nqu0stgln

93 4269 159 4312 eum
188 4255 300 4314 erraret
326 4251 479 4332 librariae,
508 4251 627 4331 scripsit
648 4251 732 4332 teqe,
760 4253 850 4334 idque
876 4271 977 4312 rumne
1011 4249 1210 4330 [depravatum
1237 4253 1284 4310 est

94 4354 124 4415 iu
152 4351 240 4413 cedd.
