2888 4710
82 198 159 275 228
505 194 945 277 musmones,

85 435 193 517 quibus
216 438 357 516 eseipere
378 432 546 513 explicatur
563 431 796 510 „extrahere“:
824 434 954 512 possunt
975 430 1080 511 piures
1097 432 1205 511 oncri,
1235 431 1293 495 seri
1310 431 1358 496 hue

85 547 157 612 nihil
179 552 333 631 pertinent
354 552 386 613 et
406 548 501 627 longe
517 547 577 610 eliu
598 551 628 611 in
650 551 689 610 iis
710 549 832 611 verbum
854 553 998 631 excipere
1018 548 1159 628 praedito
1185 546 1290 610 indole
1309 552 1357 611 est

84 665 131 728 Ne
154 665 238 731 Celsi
260 666 378 748 quiden
400 664 486 737 (Vll.
512 670 567 739 12)
590 663 676 726 locus
696 663 756 726 huc
777 662 853 727 trahi
873 666 995 744 potest:
1018 663 1228 727 uendentem
1247 665 1358 749 fornipe

84 785 229 866 «ccipere
247 779 365 862 phrasis
386 784 444 859 cst,
467 781 511 842 rei
531 771 568 843 nd
590 798 674 864 quum
695 781 828 860 pertinet
848 780 1172 861 accommodatissime3
1195 781 1255 843 seri
1276 783 1357 844 arto-

84 918 135 962 res
154 901 298 980 excipere
319 896 495 976 inauditum,
524 896 637 958 indolis
660 899 878 958 consentaneum
901 914 1024 976 expers.
1068 894 1178 958 Lectio
1209 902 1356 979 exstirpe-

82 1022 187 1076 mtur
206 1014 404 1076 correctionis
426 1013 559 1092 speeiem
581 1031 652 1093 prue
674 1030 708 1074 se
729 1013 799 1092 tert,
821 1014 900 1073 iacto
920 1010 957 1072 ab
979 1010 1090 1095 aliquo,
1114 1013 1164 1074 cui
1185 1017 1355 1094 exciperen-

83 1138 134 1191 tur
152 1128 203 1192 trio
224 1127 348 1192 tolerari
370 1146 431 1191 nou
451 1146 546 1207 posse
567 1128 734 1191 videbatur.
757 1127 898 1210 Denique
919 1127 1046 1189 iormulu
1065 1127 1199 1189 arbores
1215 1128 1354 1207 cecidere,

81 1244 238 1308 notissimo
259 1249 318 1323 est,
341 1263 359 1305 n
378 1244 521 1305 Frontino
549 1243 683 1308 edhihitn
704 1245 791 1307 etium
807 1241 877 1307 Art
895 1246 969 1305 129:
990 1243 1129 1325 arbores,
1151 1245 1354 1308 erres-nun-

80 1368 141 1438 tur‚
163 1359 356 1423 exciduntur.
1390 1328 1396 1435 i,

162 1479 193 1538 irc
213 1476 354 1556 simpertus
373 1474 441 1555 reo)
474 1474 652 1554 Intelligns:
678 1476 728 1558 qui
749 1479 853 1538 eontra
879 1475 1018 1555 singulus
1045 1475 1130 1555 legis
1152 1479 1259 1556 portes
1277 1475 1350 1538 noio

80 1589 247 1672 explicatas
267 1593 460 1672 peccaverit,
483 1593 511 1654 is
532 1592 624 1656 multa
643 1592 695 1655 iilo
715 1594 863 1674 puniatur.
1304 1586 1309 1595 '

690 1797 758 1854 lce.

158 1938 403 2016 vindicarentur)
424 1941 510 2004 Bene
529 1939 613 2003 Pri:
636 1942 712 2021 reip.
735 1940 866 2002 dominio
889 1943 1123 2003 assumerentur·
1159 1940 1213 2006 Gi.
1236 1939 1304 2005 sn.
1326 1943 1349 2001 i.

77 2051 240 2138 Utrunque
261 2056 429 2138 exemptum
451 2058 583 2137 pertinet
603 2057 640 2117 nri
662 2056 915 2135 significationem
943 2053 1030 2117 verbi
1053 2074 1071 2117 e
1091 2055 1268 2118 Porceliioo
1288 2055 1351 2118 ulie

78 2173 137 2232 turo
156 2169 252 2235 hence
280 2172 325 2234 rei
346 2175 511 2252 cuiuspiam
532 2174 579 2236 ins
601 2191 637 2234 ao
659 2173 815 2235 dominium
837 2173 875 2234 ad
896 2189 930 2232 se
953 2170 1088 2250 trahere,
1114 2169 1351 2233 ι’διοποιέιοθαι.
1394 2164 1396 2189 '

159 2283 246 2370 cem}
268 2288 480 2368 interpretetur
499 2288 604 2351 Heinr.
628 2287 779 2366 „wenn“:
807 2306 853 2349 me
867 2305 935 2396 ‘non
956 2286 1158 2364 intelligente.
1189 2286 1263 2350 vie.
1278 2288 1352 2350 inire
1394 2270 1396 2337 ξ

155 2419 215 2484 pro
237 2411 300 2465 toto
322 2422 397 2484 apro
418 2409 580 2487 pecuniam
600 2400 771 2484 intulerint}
804 2401 928 2483 inferre
956 2405 977 2467 i.
999 2420 1028 2464 o.
1050 2401 1184 2464 solvere.
1226 2403 1351 2465 Brissor.

76 2518 107 2580 in
127 2536 158 2579 r.
179 2537 210 2582 n.
231 2523 262 2581 n
283 2517 420 2583 Hulnn.
463 2519 536 2584 seh.
566 2521 640 2600 „scir
661 2520 720 2582 dac
739 2539 837 2600 panse
853 2519 913 2582 Gut
932 2515 1122 2582 erizonem
1168 2517 1352 2599 Proprie,ui

76 2631 182 2713 fallor,
210 2639 278 2697 est:
308 2635 361 2697 rius
383 2635 460 2698 Geli
482 2633 574 2717 (oder
595 2636 645 2698 die
666 2633 804 2717 Summe)
827 2638 876 2698 iiir
894 2635 954 2697 rien
974 2652 1096 2712 genuen
1118 2633 1226 2695 Ackor
1246 2635 1279 2697 in
1297 2633 1352 2699 ne

76 2747 234 2830 meinung
260 2751 408 2830 bringeri,
439 2753 497 2814 den
524 2771 645 2830 genneo
671 2751 775 2814 Acker
800 2749 982 2813 bereehnen.
1031 2749 1202 2813 Pecuniam
1236 2751 1353 2832 inferre,

77 2865 220 2947 irequens
242 2865 369 2928 formula
388 2869 418 2929 in
440 2886 473 2929 re
489 2869 671 2948 pecuniario,
693 2869 873 2946 integrcest
892 2870 1051 2949 pecuniam
1072 2866 1188 2946 inferre
1208 2871 1241 2929 in
1262 2870 1352 2929 rotic-

76 2999 133 3043 nos
153 2996 207 3043 seu
228 2971 408 3046 rationibus.
450 2982 625 3046 Huiusmodi
648 2982 787 3062 exemplo
808 3001 848 3044 ex
875 2982 1095 3044 iurisconsultis
1125 2982 1227 3045 attufit
1249 2981 1353 3045 Sciru-

78 3095 144 3159 dius
163 3098 194 3159 in
215 3097 291 3160 [rex.
312 3099 408 3160 Jurid.
431 3099 462 3161 in
483 3119 513 3160 v.
536 3099 661 3181 inferre.

161 3212 502 3294 determinatadocc)
529 3215 640 3276 Locum
664 3214 871 3293 determinare,
893 3213 1017 3276 Paullus
1038 3215 1088 3290 uit,
1111 3216 1159 3276 est
1184 3212 1284 3277 locum
1305 3215 1353 3275 ie-

65 3327 162 3417 yflnire
191 3333 223 3393 et
247 3331 330 3413 quasi
359 3331 493 3392 terminis
517 3331 649 3412 propriis
678 3331 879 3408 distinguere.
922 3326 972 3392 Gi.
995 3328 1121 3392 Sohund.
1142 3329 1224 3392 Lex.
1247 3329 1353 3393 Junn

80 3460 111 3505 r.
134 3442 258 3508 rlctcrrr.
302 3445 375 3510 Sci.
398 3445 715 3538 „nceh'uAbmarkung
736 3446 789 3508 der
810 3424 964 3524 nr'ithigeu¹
979 3444 1152 3508 Stieke.“·

163 3565 294 3624 contenti
315 3540 505 3646 occupasse)
534 3564 697 3626 Contentus
725 3565 963 3643 rememorent.
1007 3560 1184 3650 Quintilian.
1205 3559 1249 3624 X.
1272 3566 1309 3641 2,
1328 3564 1351 3620 i.

81 3672 297 3755 x11.11,co.
333 3676 517 3758 x1.1,5e.
553 3678 594 3741 11.
618 3683 667 3759 ιο,
689 3682 739 3742 οε.
776 3677 816 3741 11.
832 3682 864 3757 c,
888 3683 917 3739 r.
955 3675 1010 3740 111.
1034 3683 1049 3740 1
1072 3680 1153 3739 extr.
1191 3675 1216 3739 1.
1241 3682 1291 3757 ιο,
1313 3679 1353 3740 n.

85 3793 209 3868 „nocere
232 3797 390 3856 contentus
411 3796 506 3858 sum.“
546 3794 649 3878 Atque
672 3795 716 3856 sic
737 3811 855 3874 semper
871 3793 1003 3876 loquitur
1022 3793 1060 3872 is,
1083 3793 1133 3874 qui
1149 3795 1283 3856 estsine
1304 3794 1352 3855 rio-

83 3906 136 3969 hio
159 3908 284 3970 omnium
306 3911 483 3989 scriptorum
505 3929 579 3972 sune
599 3912 707 3973 netntis
733 3910 875 3990 princeps
896 3907 1067 3987 habendum
1097 3926 1184 3990 quem
1207 3911 1234 3970 si
1257 3907 1351 3971 inituri

86 4026 117 4085 ct
138 4024 172 4086 ut
193 4025 267 4085 sutis
289 4027 401 4086 eertum
422 4029 504 4088 recte
526 4025 668 4108 loquendi
690 4029 841 4087 auctorem
860 4025 945 4107 sequi
962 4042 1022 4086 non
1044 4023 1146 4102 licent,
1170 4025 1223 4088 out
1244 4026 1272 4086 si
1286 4021 1353 4087 irrui

85 4138 186 4219 Inepte
210 4157 246 4201 ee
273 4140 478 4221 fastidiuntur,
505 4160 581 4224 quae
608 4141 678 4205 talis
700 4145 805 4204 auctor
825 4159 936 4202 summo
964 4157 1029 4202 cum
1052 4158 1122 4201 euro
1142 4158 1178 4202 nc
1201 4139 1354 4220 diligentie

86 4256 201 4334 scripto
230 4254 369 4338 reliquit3
406 4257 514 4339 ecquid
542 4258 673 4320 dicemus
700 4260 769 4320 tunc
795 4259 861 4320 iore
888 4255 965 4318 hano
992 4274 1107 4317 omnem
1135 4259 1228 4320 ortem
1257 4256 1353 4319 Latine

88 4365 260 4435 scribendi!
279 4370 398 4435 Scnecn
418 4373 517 4456 Epist
538 4393 569 4454 p.
590 4393 629 4438 m.
650 4378 720 4437 40⁶.
742 4378 813 4437 351.
854 4347 984 4436 Sueten.
1007 4369 1099 4434 (ines.
1120 4389 1149 4434 o.
1170 4376 1222 4435 49.
1254 4371 1354 4435 conv.
