2888 4710
82 210 230 285 xxxss
650 207 977 287 PRAEFArlo.

79 442 238 540 sipientis
264 443 436 539 iudicem,
473 453 508 516 et
542 467 591 515 eo·
609 442 643 514 in
671 465 804 539 genere
830 439 978 540 provide
1004 451 1042 515 et
1064 448 1169 515 caute
1195 436 1364 536 agendum

82 599 167 650 esse
195 576 407 649 existimem.

177 703 384 781 Schultzius
418 705 513 779 initio
550 705 629 803 ipse
656 706 817 781 Frontini
846 706 972 781 librum
998 709 1080 779 suis
1118 703 1214 779 notis
1243 702 1366 777 criticis

77 838 247 912 subiectis
274 838 407 912 eratin
433 837 552 911 lucem
579 836 747 912 editurus.
798 837 839 911 ln
864 838 1025 913 manibus
1051 837 1141 912 meis
1168 848 1228 911 est
1254 846 1366 910 textus

78 979 304 1067 repurgatus
349 994 452 1066 quem
488 969 596 1042 altero
632 994 772 1067 quoque
805 970 889 1046 folio
914 971 1035 1045 versio
1061 969 1140 1045 libri
1167 972 1368 1066 germanica

78 1106 283 1194 comitatur3
323 1102 406 1175 item
432 1110 536 1175 notae
564 1103 718 1198 criticae,
754 1102 820 1177 sed
845 1127 961 1200 usque
988 1101 1033 1176 ad
1057 1100 1140 1177 Art.
1166 1099 1216 1175 at
1244 1109 1368 1174 tantum

76 1245 233 1331 paratae.
284 1234 424 1308 Postea
449 1235 632 1308 consilium
658 1235 828 1309 mutavit:
868 1246 971 1309 notas
1006 1234 1148 1312 criticas
1180 1232 1367 1307 maximam

76 1377 213 1461 partem
250 1364 284 1439 in
324 1362 608 1442 Commentarios
646 1366 831 1462 transtulit,
878 1376 983 1463 utque
1022 1365 1067 1440 ad
1104 1365 1231 1440 horum
1270 1362 1367 1439 linem

77 1497 169 1594 (sub
198 1522 249 1571 nr.
275 1497 359 1581 lvo
398 1503 519 1570 varias
553 1497 726 1572 lectiones
762 1521 974 1597 componere
1000 1498 1240 1572 constituerat
1294 1492 1368 1575 Sed

82 1628 119 1704 id
145 1652 284 1727 quoque
304 1653 374 1703 non
391 1629 523 1703 effecit:
551 1631 655 1702 immo
674 1629 764 1703 inira
784 1629 981 1726 audiemus,
1009 1653 1090 1704 eum
1111 1629 1228 1728 ipsius
1250 1628 1365 1702 Ilron·

81 1762 144 1834 tini
170 1761 359 1835 editionem
393 1761 497 1859 plane
523 1762 695 1835 omissum
721 1762 834 1837 amuco
859 1786 926 1836 suo
952 1759 1157 1836 Heinrichio
1183 1759 1365 1854 obtulisse,

79 1893 266 1991 ipsumque
300 1893 414 1967 fuisse
440 1890 726 1969 Commentarios
760 1904 894 1968 tantum
925 1893 1108 1968 editurum.
1157 1891 1267 1967 Licet
1289 1890 1366 1991 plu·

80 2025 179 2120 rima,
220 2048 310 2122 quae
342 2027 377 2099 in
409 2027 502 2100 notis
529 2026 660 2099 criticis
687 2026 863 2124 leguntur,
904 2026 1008 2100 etiam
1033 2026 1067 2097 in
1095 2021 1366 2102 Commentariis

82 2153 396 2254 deprehendantur,
444 2167 584 2256 gratum
609 2167 724 2232 tamen
748 2181 806 2231 me
832 2157 951 2232 lacere
976 2157 1064 2231 viris
1091 2155 1206 2231 doctis
1241 2156 1366 2232 existi·

81 2289 230 2383 mabam,
258 2289 290 2362 si
316 2291 350 2363 in
377 2295 497 2363 causis
519 2289 744 2388 graviordrus
767 2287 942 2367 Schultzii
967 2288 1077 2363 verba
1105 2313 1153 2362 ex
1178 2288 1273 2362 notis
1298 2285 1365 2363 cri·

82 2421 173 2515 ticis,
202 2443 292 2517 quae
318 2421 410 2494 haud
436 2444 549 2519 pauca
575 2422 768 2520 singularia
794 2433 829 2496 et·
854 2427 890 2495 in
907 2419 1182 2498 Commentariis
1207 2419 1366 2519 neglecta
1409 2416 1411 2431 '

83 2554 291 2649 contineant,
339 2565 547 2652 repeterem.
610 2554 746 2630 Versio
798 2553 948 2651 denique
999 2554 1214 2652 germanica,
1267 2564 1366 2649 quam

82 2684 290 2761 Schultzius
316 2686 466 2782 reliquit,
511 2709 669 2785 congrua
694 2696 752 2760 est
776 2687 898 2781 textui,
925 2686 1082 2783 liberius,
1118 2684 1299 2780 audacius,
1336 2693 1367 2757 et

80 2842 151 2895 nou
187 2819 321 2915 ubique
355 2817 550 2892 secundum
586 2819 714 2894 latinae
748 2819 890 2916 linguae
929 2827 964 2891 et
989 2820 1238 2916 grammatices
1265 2817 1366 2915 leges

81 2951 280 3026 constituto.
332 2951 384 3029 Ut
417 2964 532 3024 tamen
557 2951 613 3024 hic
638 2952 909 3049 praetermittam
936 2961 971 3025 et
995 2951 1080 3026 vitia
1105 2950 1366 3041 etobscurita·

80 3094 148 3181 tes,
185 3108 333 3180 quorum
357 3083 575 3158 multitudine
601 3100 637 3158 et
661 3083 898 3182 magnitudine
924 3084 1020 3183 typis
1047 3107 1090 3157 ea
1115 3082 1274 3157 mandari
1299 3107 1365 3157 non
1409 3182 1411 3195 Ι

80 3221 211 3315 potuit:
244 3216 396 3312 insignis
424 3240 466 3289 ea
494 3227 550 3289 est
575 3217 679 3291 etiam
705 3217 822 3290 multis
848 3216 1056 3290 virtutibus:
1096 3228 1131 3289 et
1156 3216 1266 3289 verba
1294 3215 1366 3289 for-
1408 3210 1411 3267 l

80 3348 265 3444 mulasque
298 3347 464 3445 loquendi
497 3353 686 3446 graviores
717 3349 922 3447 plerumque
947 3348 1040 3424 bene
1066 3360 1102 3422 et
1127 3350 1257 3446 optime
1284 3346 1365 3421 red·

82 3478 163 3576 dita,
191 3479 360 3577 imprimis
386 3481 619 3578 proprietates
646 3481 783 3556 dicendi
814 3479 858 3553 ad
884 3505 959 3554 rem
984 3482 1161 3578 aquariam
1187 3481 1365 3577 pertinen·

80 3623 136 3687 tes
162 3636 255 3686 nove
282 3612 419 3710 quidem
446 3625 627 3712 exparte,
667 3613 734 3687 sed
768 3625 883 3686 tamen
910 3614 1059 3712 egregie
1083 3614 1275 3686 vernacula
1300 3613 1367 3693 lin·

81 3769 154 3844 gua
179 3757 262 3819 sunt
288 3746 447 3841 donatae,
489 3748 700 3822 constitutae
740 3757 775 3820 et
810 3770 874 3844 per
913 3755 1024 3820 totum
1050 3769 1140 3842 opus
1169 3757 1367 3820 constanter

81 3877 306 3969 observatae,
345 3890 384 3953 ut
416 3903 517 3953 meae
543 3880 700 3954 versioni
724 3878 904 3954 vindicare
929 3879 1114 3952 maximam
1139 3891 1274 3977 partem
1300 3904 1367 3954 non

79 4011 322 4086 dubitaverim.

175 4144 246 4218 His
283 4143 471 4240 praesidiis
510 4146 702 4220 instructus
740 4169 846 4241 quum
878 4145 999 4220 labore
1037 4170 1148 4244 prope
1180 4144 1366 4219 defunctus

78 4301 209 4373 essem,
250 4277 452 4352 Welckero
487 4277 736 4371 intercedente,
779 4303 800 4350 a
837 4276 970 4354 Carolo
1002 4279 1209 4353 Heinrichio
1250 4277 1365 4375 (med.

70 4410 200 4507 stud),
259 4409 382 4490 Caroli
412 4411 586 4488 Friderici
614 4395 824 4506 'Heinrichii
879 4412 1107 4487 illustrissimi
1140 4411 1233 4484 illius
1268 4410 1366 4487 Prot
