2888 4710
72 177 147 253 loo
511 173 919 257 FRON'PINUS

171 405 285 477 rivis
310 404 513 502 publicis
539 428 696 502 aquarn
727 404 914 502 ducere,
943 402 1333 497 modulamini).

170 516 217 591 Ε.
242 519 289 592 R.
314 520 352 594 J.
379 519 425 598 G.
479 521 548 594 Ne
583 527 655 594 cui
688 528 870 619 privato
904 544 1061 619 aquom
1092 518 1263 593 ducere
1291 542 1335 595 eu

171 640 286 708 rivis
319 636 527 733 publicis
559 637 751 711 liceret:
786 643 944 733 utique
976 658 1128 711 omnes
1159 637 1212 725 ii,
1245 639 1335 732 qui·

172 749 256 822 bus
294 775 439 848 aquae
474 749 701 827 ducendae
732 753 804 825 ius
837 763 964 827 esset
992 752 1153 847 dotum,
1192 775 1243 824 ex
1271 774 1335 824 cr·

172 866 331 940 stellis
369 866 610 964 ducerent,
651 866 1160 964 arrimadverterentque
1199 863 1337 943 Guro-

171 992 304 1055 tores
334 1007 565 1079 aquarum,
605 984 769 1080 quilius
802 984 923 1058 locis
954 985 1071 1058 intro
1104 992 1232 1057 extra
1261 981 1339 1059 Ur·
1384 1011 1386 1036 ε

172 1095 265 1169 bem
300 1112 402 1196 apte
436 1098 632 1174 castella
664 1101 833 1199 privati
866 1100 1018 1174 iacere
1048 1107 1263 1198 possent,
1295 1120 1340 1171 ex

173 1212 336 1307 quibus
388 1238 542 1311 aquam
592 1213 832 1312 ducerent,
884 1239 1013 1311 quam
1054 1239 1107 1288 ex
1150 1212 1342 1287 castello

173 1350 446 1406 communem
479 1333 776 1429 accepissent
807 1357 828 1405 a
861 1329 1179 1408 curatoribus
1212 1352 1342 1426 aqua·

172 1466 286 1517 rum:
321 1471 405 1521 neu
430 1452 505 1521 cui
530 1471 703 1543 eorum,
738 1447 901 1544 quibus
927 1471 1040 1543 aquo
1065 1445 1249 1520 duretur
1272 1466 1344 1542 pu-

172 1558 312 1656 blica,
339 1563 412 1635 ius
438 1569 710 1638 essetint1·o
735 1565 1064 1661 quinquaginta
1089 1561 1233 1662 pedes
1258 1560 1344 1634 eius

173 1677 384 1773 castelli,
439 1703 494 1753 ex
531 1702 614 1776 quo
653 1702 808 1774 aquam
846 1679 1075 1775 ducerent,
1127 1678 1346 1752 laxiorem

174 1789 377 1866 fistulam
421 1795 680 1890 subiicere,
729 1818 851 1891 quom
896 1796 1155 1891 quinarium.
1213 1792 1259 1866 ln
1288 1791 1346 1867 loe

174 1903 217 1981 S.
244 1909 284 1982 C.
318 1907 461 2007 dignum
492 1917 716 1989 annotatione
748 1922 819 2007 est,
857 1911 950 2007 quod
980 1933 1107 2007 aquam
1135 1911 1281 1983 nonnisi
1308 1931 1347 1983 ox

175 2024 319 2097 castello
352 2024 431 2099 duci
464 2029 646 2124 permittit,
681 2051 726 2102 no
757 2040 818 2101 aut
849 2027 917 2101 rivi
943 2036 1004 2100 aut
1027 2024 1169 2100 fistulae
1194 2025 1349 2124 publicae

175 2136 375 2235 frequenter
398 2142 606 2217 lacerentur.

76 2248 152 2323 107
249 2256 320 2330 Jus
353 2262 560 2356 impetratae
595 2282 707 2355 aquae
738 2282 852 2356 neque
883 2256 1048 2332 heredem
1073 2280 1189 2353 neque
1215 2248 1347 2355 empto-

176 2393 249 2443 rem
283 2396 397 2469 neque
430 2375 537 2448 ullum
570 2399 700 2449 novum
732 2372 907 2448 dominum
938 2372 1160 2472 praediorum
1186 2376 1347 2471 seqnitur.

95 2554 320 2571 Ἤ

215 2664 409 2727 eornmnnemi
439 2656 526 2737 Lego
555 2678 594 2720 er
615 2668 695 2720 cast.
717 2661 873 2720 communi.
914 2654 1053 2719 lllllNll.
1098 2654 1148 2719 Gi.
1169 2654 1298 2721 Annuit.

214 2777 272 2819 neu
294 2753 361 2839 cni)
388 2756 471 2820 Libri
500 2779 539 2821 ne
559 2762 620 2841 poi.
662 2759 799 2822 Brisson.
820 2761 853 2819 et
872 2755 1059 2835 posteriores
1080 2756 1217 2819 editores
1236 2774 1277 2821 ns
1294 2758 1345 2819 cri.

176 2855 250 2919 Sclr.
271 2877 365 2939 neque
387 2862 446 2921 cui.

215 2956 379 3034 subiicere]
401 2957 432 3018 V
450 2956 489 3019 F:
512 2957 631 3022 ducere.

216 3060 426 3128 annotatione)
448 3055 529 3118 libri
550 3057 767 3132 admiratione,
787 3058 909 3136 praeter
929 3049 973 3133 C,
995 3055 1046 3137 qui
1065 3053 1276 3119 admistione.
1307 3052 1347 3117 lic

175 3155 269 3216 verbo
291 3165 440 3218 annotare
461 3156 589 3219 diximus
609 3156 646 3218 od
667 3157 736 3219 Art.
754 3159 804 3218 tl.
884 3164 888 3171 ’

216 3255 409 3329 lacerentur)
443 3253 488 3319 C·
511 3256 692 3319 locereutor.
734 3253 811 3318 l'ct
832 3254 881 3319 ed.
900 3268 956 3334 pr:
978 3254 1151 3316 licerestor.
1194 3252 1269 3315 let
1287 3263 1349 3315 rec:

176 3353 395 3418 lacerarentur.

100 3471 147 3523 ttii
223 3453 386 3528 donuinam]
409 3451 479 3517 GU
516 3452 593 3516 lom.

217 3552 360 3630 Balneis,
389 3561 483 3638 pune]
510 3552 590 3617 ri:
620 3552 808 3637 dumosque
848 3552 927 3616 lei
945 3568 1014 3615 rec
1040 3484 1197 3634 pollione
1240 3550 1351 3631 0psop.

179 3658 316 3714 annotat·
343 3655 445 3729 „iorte
467 3653 655 3715 scribendum
678 3652 785 3736 poitur
802 3652 928 3737 pollice
944 3649 1118 3715 looareot“
1150 3649 1186 3711 ln
1203 3650 1354 3733 exquisito

178 3752 295 3812 dicendi
315 3770 428 3829 genere
450 3751 524 3816 nilril
544 3753 722 3816 rnuimdun.
752 3751 863 3816 lleinr:
885 3753 1065 3834 „lucana
1092 3751 1114 3813 i.
1128 3767 1157 3813 e.
1179 3747 1355 3812 lavationem

178 3851 388 3931 praeberent.“

220 3950 275 4011 Sic
296 3956 349 4026 er]
372 3949 455 4013 Libri
477 3970 580 4015 omnes
600 3951 689 4020 Sicut
707 3971 763 4031 en,
783 3954 904 4033 praeter
917 3947 959 4031 Ο,
982 3969 1067 4034 quom
1089 3966 1154 4012 cunr
1175 3946 1246 4010 Pol.
1269 3964 1357 4009 sccu-

179 4056 227 4113 tus
249 4068 325 4121 sum.
367 4049 446 4113 Soli:
466 4050 523 4113 Sic
543 4056 633 4115 etium
653 4072 702 4115 cx.

220 4149 314 4213 Nunc
341 4154 437 4212 omnio
457 4148 501 4197 '-
524 4150 718 4231 beneficium)
750 4150 862 4233 Spurio
887 4151 1024 4214 videtur²
1059 4166 1125 4211 nom
1152 4146 1201 4210 cui
1229 4146 1360 4210 dixisset

179 4250 271 4329 haec,
294 4252 343 4333 ‹pni
366 4244 522 4313 nesciret?
561 4248 700 4314 lininio

221 4370 285 4413 cum
303 4355 407 4432 poss.)
434 4350 463 4411 V
479 4349 513 4415 i:
536 4368 635 4432 apoue
655 4370 734 4433 puae
751 4370 838 4433 poss.
