2888 4710
10 136 23 272 1
515 177 839 258 00000000.
1207 179 1345 255 ,000

10 273 128 535 1000
157 426 261 502 nobis
287 452 333 502 ex
359 452 402 502 eo
429 424 692 525 descripsisset,
720 429 927 526 praesertim
952 429 986 501 in
1012 427 1120 523 libro,
1147 428 1250 500 cuius
1273 427 1345 502 dii·

10 542 30 633 1.
55 560 241 635 1100110100
266 560 398 658 passim
424 559 682 657 insuperabiles
706 561 831 633 itemm
855 562 1050 657 iterumque
1064 559 1344 634 ardentissimum

25 716 151 767 mss.
190 692 304 766 adbuc
341 716 410 766 non
443 692 648 767 collatorum
673 689 885 768 desiderium
911 695 1072 767 excitant
1124 690 1195 770 Oui
1230 702 1345 766 autem

56 824 213 923 tempori
237 826 399 921 antiquus
426 823 540 899 codex
567 825 614 897 sit
638 824 888 923 assignandus,
923 850 986 924 pro
1013 835 1109 900 certo
1135 823 1254 900 dicere
1278 848 1346 899 ne-

10 966 31 1126 'p'
58 980 176 1055 queo:
204 956 358 1032 sortasse
384 956 507 1030 cadem
533 968 590 1031 est
613 965 801 1054 vetustate,
830 980 898 1054 qua
923 955 1169 1035 0000000010.
1210 954 1347 1034 Contra

10 1132 28 1191 q
57 1088 131 1165 boc
158 1090 393 1164 certissimum
419 1090 807 1187 exploratissimumque
833 1090 964 1187 babeo,
1003 1089 1245 1188 apographum
1268 1090 1348 1163 Pa·

10 1256 12 1261 ·
58 1221 211 1296 risinum
237 1222 411 1318 antiquius
438 1246 546 1318 esse,
586 1246 690 1319 quam
727 1223 762 1296 in
799 1224 909 1320 primo
948 1224 1026 1296 eius
1059 1222 1142 1298 ioiio
1174 1233 1345 1316 narratur,

59 1378 261 1453 annumque
286 1351 384 1427 1664
408 1354 517 1453 longe
542 1378 723 1453 superare.
773 1355 949 1430 Nimirum
973 1356 1031 1452 qui
1057 1353 1133 1428 fieri
1159 1354 1279 1453 potuit,
1309 1362 1348 1426 ut

60 1487 188 1561 hocas
213 1486 434 1582 Hoistenius,
463 1488 522 1583 qui
547 1512 602 1562 an.
628 1486 727 1561 1591
753 1497 856 1561 natus
882 1499 918 1562 et
942 1512 996 1561 an.
1022 1485 1131 1561 1661.
1168 1484 1205 1559 2.
1237 1486 1348 1561 Febr.

60 1628 223 1693 mortuus
250 1629 317 1715 est,
345 1618 389 1693 de
415 1617 550 1717 codice,
579 1621 637 1716 qui
663 1645 717 1695 an.
743 1617 852 1718 1664,
882 1620 918 1694 id
944 1630 1000 1695 est
1023 1620 1125 1695 tertio
1151 1643 1240 1694 anno
1266 1626 1349 1718 post

61 1750 242 1826 1101010011
265 1761 423 1848 mortem,
450 1761 508 1825 est
532 1753 697 1848 scriptus,
724 1753 888 1827 iudicium
904 1753 1027 1828 iecerit
1041 1751 1146 1852 idque
1162 1777 1228 1826 sua
1243 1774 1349 1825 manu

60 1884 166 1959 tertio
199 1881 334 1959 codicis
368 1883 450 1960 iolio
490 1884 569 1983 (ita
602 1886 695 1958 enim
718 1885 886 1960 Memmius
918 1886 1067 1983 retulit]
1104 1885 1349 1960 mandaveriti

59 2014 384 2115 100011010100100
410 2015 567 2091 codicem
606 2042 627 2090 0
651 2016 841 2092 Philandro
876 2028 936 2092 aut
959 2017 1191 2093 Demontesio
1218 2043 1348 2092 exara·

60 2158 137 2257 tum
161 2170 249 2223 esse
273 2150 487 2247 suspicatur,
516 2159 551 2224 et
574 2151 609 2225 in
635 2152 798 2248 catalogo
825 2150 907 2225 oiim
932 2150 1157 2225 'l'ellerianus
1181 2150 1348 2250 perbibe-

60 2290 130 2355 tur.
183 2278 337 2373 Quinam
362 2282 420 2356 isti
445 2281 604 2357 homines
630 2283 768 2381 suerint,
795 2308 910 2382 neque
935 2285 1012 2359 scio
1041 2307 1155 2381 neque
1179 2283 1349 2381 indagare

13 2400 19 2421 '
64 2412 111 2488 ob
134 2412 304 2488 librorum
327 2415 509 2511 penuriam
533 2440 692 2514 possum.
724 2417 808 2492 Nisi
834 2442 922 2493 vcro
948 2417 1087 2491 nomina
1112 2417 1171 2490 ilia
1195 2417 1347 2521 obstant,

63 2545 205 2621 duobus
230 2547 386 2620 saeculis
412 2546 570 2623 codicem
595 2548 709 2624 inisse
733 2551 959 2647 antiquiorem
985 2560 1148 2643 statuam,
1184 2550 1350 2646 scriptam

60 2678 182 2777 potius
219 2703 275 2753 an.
312 2676 422 2778 1461,
461 2690 500 2755 01
535 2681 651 2781 ipsam
683 2682 837 2758 Jocuudi
870 2683 1057 2758 editionem
1081 2691 1257 2758 vetustate
1282 2678 1350 2755 suss

57 2818 174 2912 peret.

163 2943 293 3019 Restat
316 2955 356 3019 nt
379 2945 424 3020 de
448 2947 495 3020 iis
520 2944 645 3046 dicam,
673 2971 764 3045 quae
788 2942 1059 3024 iniectionibus
1089 2971 1200 3047 supra
1224 2956 1349 3022 enoto÷

62 3081 111 3149 tis
136 3080 242 3173 nigro
267 3078 387 3153 colore
413 3080 503 3154 inter
526 3081 640 3154 lineas
666 3084 877 3157 scribuntur.
930 3080 1092 3173 Quorum
1117 3082 1349 3156 substruc-

61 3213 196 3283 tione
220 3209 286 3284 ibi
319 3211 425 3310 (Art.
451 3213 499 3310 7]
527 3223 562 3287 01
586 3214 779 3290 fistulas
805 3215 912 3315 (Art.
936 3212 1029 3313 23),
1065 3217 1212 3289 alterum
1235 3238 1349 3288 voca-

60 3340 147 3416 bulo
172 3341 636 3444 substructionibus,
676 3348 823 3422 aiterum
855 3348 1028 3423 vocabulo
1063 3347 1250 3444 singula
1283 3372 1349 3421 su·

61 3474 342 3573 perimpositum,
369 3501 542 3575 nusquam
564 3480 648 3554 aiibi
669 3483 888 3578 reperiuntur
914 3492 949 3554 et
973 3480 1103 3554 nuliius
1128 3491 1211 3554 sunt
1234 3488 1349 3579 pretii.

60 3604 186 3683 Etiam
210 3609 521 3707 apponendam
544 3611 628 3686 Art.
654 3612 714 3686 88.
747 3638 879 3688 novum
904 3622 970 3709 est,
999 3611 1065 3686 sed
1089 3613 1350 3711 significatione

61 3737 149 3813 nibil
173 3738 289 3815 differt
313 3767 334 3816 a
359 3743 629 3841 ponendam,
672 3751 730 3819 cui
755 3746 1066 3844 superimponitur:
1101 3747 1351 3823 videturesse

61 3870 303 3971 interpretatio
328 3874 475 3951 lectoris
499 3883 719 3953 recentioris.
770 3879 935 3976 Reliqua,
968 3878 1052 3955 Art.
1076 3876 1123 3958 2:
1162 3880 1351 3956 decerni

64 4012 101 4077 01
123 4005 503 4105 succedentium,
545 4008 627 4084 Art.
652 4008 696 4085 5:
736 4010 886 4107 Mure,
915 4024 950 4088 01
974 4015 1056 4091 Art.
1082 4013 1143 4090 88.
1169 4014 1225 4089 60.
1252 4014 1350 4088 iue-

63 4140 186 4236 1101,
211 4145 399 4236 genuinam
432 4142 618 4217 lectionem
644 4145 818 4219 continent
843 4156 878 4220 et
904 4146 1159 4245 00013οο1111,
1187 4147 1351 4222 editioni-

62 4269 206 4367 busque
232 4282 313 4346 ante
337 4274 364 4348 J
389 4282 634 4371 consentiunt3
674 4300 782 4374 quare
808 4303 876 4354 non
902 4279 1072 4378 eiusdem,
1107 4285 1167 4379 qui
1193 4278 1351 4355 codicem

63 4407 224 4503 scripsit,
264 4404 393 4481 librarii
435 4433 479 4483 00
519 4435 605 4486 0000
635 4420 731 4512 puto,
771 4410 838 4489 sed
870 4418 991 4512 potius
1023 4437 1114 4490 esse
1143 4416 1362 4488 recentioris
