2888 4710
498 205 940 290 nunonnnrouus.
1221 156 1230 171 Χ
1289 216 1362 294 191

74 443 333 521 conncntsrion,
354 443 426 506 Art·
437 444 505 518 il.)
535 448 566 505 ².
582 447 712 524 eonati.
745 443 885 521 Singulis
907 410 993 527 aquis
1014 449 1128 527 proprii
1150 454 1235 511 erunt
1256 455 1288 512 et
1306 470 1360 512 se-

74 562 173 640 parati
190 560 413 639 conruentorll3
435 562 482 621 sic
497 559 648 638 Marciae,
665 557 825 639 Claudiae,
842 559 996 640 Tepulae,
1014 566 1074 624 etc.
1106 563 1245 630 lllllNll.
1273 566 1362 628 Plura

73 674 150 737 Sol.
167 674 240 736 Vll.
261 679 308 737 ΙΙ.

160 797 192 853 itu
218 795 422 872 cummunio)
452 793 474 851 i.
496 811 525 872 q.
552 793 582 852 in
603 792 740 871 accepto.
783 789 857 852 Solu.
888 809 949 869 „so
978 811 1016 854 su
1036 811 1138 884 ¹segon
1166 795 1204 856 inu
1226 795 1363 858 lirlrvera

73 907 224 985 ungere.

693 1111 746 1168 65.

161 1254 326 1335 liroyulut
345 1257 444 1337 orio.)
468 1254 672 1331 llrogotlones
693 1272 830 1336 oquurunn
853 1255 1005 1333 componit
1026 1256 1163 1336 Bunsen,
1185 1259 1361 1326 Besclrross).

76 1371 133 1433 cler
154 1371 203 1434 st.
220 1371 308 1433 lton.
330 1371 417 1435 ΒΜ
438 1388 470 1450 p.
489 1375 557 1434 199.

162 1489 352 1571 depressior)
376 1487 503 1550 Gesner.
524 1487 562 1549 od
583 1485 662 1548 Pllu.
684 1485 781 1566 lipist
801 1491 850 1565 11),
866 1490 917 1564 69,
934 1491 964 1548 l.
997 1487 1194 1570 Oudendorp.
1212 1493 1248 1553 od
1266 1494 1363 1557 Fron-

77 1602 132 1666 un.
154 1603 289 1678 struog.
312 1623 342 1682 p.
360 1606 409 1664 it.
451 1602 589 1666 lllilNli.
631 1601 773 1681 Respicit
793 1601 870 1663 luunc
893 1603 990 1664 locunu
1011 1606 1133 1665 Bunsen
1155 1604 1177 1666 l.
1195 1627 1222 1672 c.
1244 1629 1274 1688 p.
1294 1614 1363 1674 rot.

160 1723 369 1792 mactiones)
403 1718 515 1780 liudem
535 1736 600 1780 vox
620 1718 690 1782 Art.
709 1722 768 1778 111)
784 1720 816 1778 et
833 1722 902 1780 122.
925 1723 956 1779 et
977 1719 1033 1780 triu
1054 1719 1128 1783 loeo
1150 1724 1290 1803 exemplu
1310 1744 1364 1787 re-

79 1834 163 1915 cepit
182 1832 344 1898 Forecllin.
365 1835 396 1896 in
417 1853 451 1896 v.

159 1949 305 2032 praebita
324 1954 420 2033 aquo)
443 1949 489 2011 ltu
507 1949 537 2014 J.
570 1948 719 2029 Explica:
740 1951 892 2029 pervilis
913 1950 1052 2011 ductuum
1074 1955 1269 2032 scaturigens
1289 1976 1364 2036 pro.

80 2065 198 2149 lotoque
225 2067 255 2127 iu
277 2069 421 2147 opertum.
462 2065 574 2127 illelius
603 2063 661 2126 hoc
689 2066 809 2142 iudico,
840 2083 924 2146 quoni
947 2065 1027 2146 quod
1050 2072 1098 2127 est
1125 2069 1152 2127 in
1175 2072 1264 2132 codd.
1284 2091 1362 2154 pro.

80 2180 172 2258 luto,
203 2184 224 2243 i.
248 2200 277 2243 e.
305 2200 396 2263 pura,
424 2180 564 2243 salubris.
607 2182 694 2269 Quod
717 2183 742 2241 sl
764 2185 861 2242 eutem
883 2178 990 2257 legero
1012 2181 1096 2242 malis
1116 2185 1257 2264 prolatu,
1285 2187 1365 2252 louul

81 2297 201 2359 multon
224 2295 412 2377 repugnabo.
455 2295 543 2360 Pou.
585 2296 692 2374 Lego:
724 2295 824 2379 quod,
846 2300 877 2356 in
895 2295 943 2377 pl.
969 2295 1042 2358 Uri.
1062 2297 1218 2378 portibus,
1238 2305 1366 2384 proluet

78 2411 179 2496 aqud,
201 2411 382 2505 circuatur
402 2412 485 2496 quod
502 2433 542 2474 cu
556 2432 596 2475 ru
610 2421 722 2475 monol.
754 2412 855 2489 llaec,
878 2415 935 2472 tan
953 2411 1048 2487 clara,
1071 2414 1171 2474 vitiari
1189 2427 1364 2499 coeperunt,

80 2546 147 2588 cum
170 2525 249 2589 luoul
270 2527 515 2607 intelligerentur
534 2545 553 2588 u
573 2527 715 2589 librariis.
749 2528 782 2588 ct
802 2527 848 2587 sio
870 2529 967 2586 uotum
990 2528 1077 2587 etium
1100 2528 1134 2590 id
1154 2530 1248 2609 quod,
1277 2533 1365 2614 inep.

81 2644 200 2704 tissime
216 2641 274 2704 huc
291 2645 454 2705 invectum.
487 2642 634 2724 Proserre
650 2644 730 2725 quod
746 2642 836 2702 niodo
853 2639 1009 2702 dicebatur
1024 2643 1194 2708 ostendere.
1226 2645 1365 2711 lllllNR.

82 2758 233 2821 Praelitu
254 2763 303 2829 (ut
325 2763 372 2820 est
394 2761 425 2821 in
444 2760 465 2822 J
487 2760 518 2821 et
538 2763 618 2831 rec.)
640 2777 676 2820 co
697 2757 837 2833 notione,
860 2774 945 2836 quam
967 2757 1070 2819 tribuit
1090 2758 1175 2836 Pol,
1198 2778 1295 2843 neque
1319 2768 1367 2826 est

81 2874 222 2951 latinum,
245 2880 277 2936 et
297 2876 329 2936 ui
351 2879 444 2937 curet.
478 2873 625 2950 Prolata,
646 2875 781 2935 codicum
803 2873 922 2954 quidem
945 2869 1066 2934 lectioni
1087 2876 1270 2955 proximum,
1293 2877 1367 2942 licet

81 2990 154 3051 eliis
181 2991 318 3052 violentur
345 2994 403 3052 tum
430 2989 557 3069 clarum,
586 2987 657 3051 milri
671 2988 892 3084 'perobscurum
915 2991 974 3048 est.
1017 2986 1092 3049 Solu.
1115 2989 1232 3053 effinxit
1250 3012 1366 3074 perco-

82 3105 169 3180 lata,
192 3104 504 3187 „durchgesiclrert“,
527 3105 637 3168 rlclctls
659 3104 854 3186 sequentihus
875 3100 911 3164 tul
932 3102 1014 3185 quod
1034 3122 1075 3164 ru
1093 3125 1133 3167 ro
1153 3117 1266 3169 munuc.
1309 3107 1366 3172 Cui

83 3222 192 3282 rationi
221 3222 341 3301 priorum
370 3222 489 3299 obeat,
518 3223 597 3303 quod
625 3221 734 3295 u'crbu,
760 3238 838 3301 quoe
865 3219 992 3280 onnuiuur
1019 3217 1159 3282 librorum
1187 3225 1367 3286 auctoritate

82 3337 237 3415 gaudent,
261 3339 434 3398 necessario
456 3337 604 3399 eilcicurlo
624 3341 712 3414 suut3
740 3339 799 3397 turo
820 3353 896 3395 vcro
915 3335 1084 3416 persolutio
1108 3336 1139 3398 tit
1160 3338 1243 3416 colo,
1265 3340 1367 3418 signi·-

83 3451 211 3534 iicotque
227 3452 393 3535 percolere
413 3451 687 3530 „durchscigeu“,
710 3471 770 3513 non
793 3449 1069 3529 „durchsiclscrn“.
1102 3448 1226 3514 Corrul.
1245 3457 1367 3518 retineri

83 3570 170 3631 iubet
192 3570 338 3651 prolutus
382 3567 493 3631 Verum
515 3571 593 3630 culon
615 3586 690 3630 vero
711 3567 790 3628 uliud
813 3566 971 3649 quidquam
994 3567 1022 3626 in
1046 3565 1133 3627 eoru.
1156 3571 1300 3647 vestigiis
1322 3572 1368 3633 ln-

85 3688 151 3747 tere
177 3685 332 3764 suspicor,
361 3685 451 3766 idque
472 3701 538 3745 cunr
559 3685 696 3764 sequenti
718 3684 868 3744 sententis
888 3682 924 3744 id
945 3682 1026 3764 quod
1046 3701 1086 3744 eu·
1106 3703 1145 3744 ru
1165 3696 1270 3746 munet
1287 3691 1370 3749 orctc

86 3802 285 3863 coniunctum.
329 3799 391 3861 Sol
415 3798 490 3861 haec
511 3817 628 3880 quoque
648 3799 743 3860 verba
763 3797 883 3858 sordem
906 3796 1035 3858 trahunt.
1078 3797 1167 3860 Nullo
1194 3802 1271 3861 eninr
1297 3802 1370 3880 lege

85 3917 225 3997 syntaxis
252 3937 349 3999 roro,
377 3915 412 3977 id
438 3914 519 3997 quot
539 3922 643 3975 omont
671 3912 792 3974 tolerari
813 3932 939 3993 uuquam
960 3917 1073 3992 potest.
1116 3914 1221 3976 Sensit
1248 3915 1324 3995 loo,
1353 3936 1372 3977 u

86 4034 175 4094 culus
195 4050 278 4093 manu
301 4031 468 4112 profecturo
491 4033 554 4108 cst,
575 4028 658 4111 quod
678 4029 708 4089 in
728 4026 747 4087 J
769 4031 885 4104 exstut3
913 4030 962 4109 qul
985 4031 1082 4089 tannen
1104 4048 1160 4090 suo
1181 4031 1370 4092 correctione

88 4146 162 4209 nllnil
184 4149 323 4228 proiecit.
366 4146 574 4225 Respiciamus
595 4143 690 4204 verbu
711 4142 779 4205 Art.
797 4145 873 4206 110:
895 4163 995 4225 oquae
1016 4145 1157 4205 caducae
1176 4155 1311 4206 cecatur
1334 4179 1371 4190 -

86 4284 127 4327 rr
145 4262 368 4326 munctionibus
386 4263 565 4346 fistularum.
606 4259 677 4321 Art.
692 4261 771 4318 122:
792 4263 924 4320 tectoria
939 4267 1184 4341 corrumpuntur,
1206 4260 1287 4320 unde
1299 4260 1376 4340 fiunt

86 4383 284 4442 nemrim.
326 4376 395 4441 Art.
411 4382 473 4440 ⁹4:
501 4377 536 4440 iul
555 4387 605 4440 ert
623 4393 704 4459 quoe
723 4378 831 4455 (equs)
859 4394 899 4437 eu
919 4374 992 4437 lucu
1014 4374 1202 4437 abundauit:
1229 4394 1295 4437 eum
1314 4394 1375 4441 nor
