2888 4710
407 235 480 311 DE
513 233 703 329 AOUAE
741 233 1023 315 Ducuraos.
1305 234 1357 311 71

72 429 203 506 deinde
240 431 483 509 distributione
530 438 734 510 continetur.
796 434 913 513 Cuius
952 440 1005 511 rei
1047 458 1156 509 causa
1203 445 1260 509 est

74 547 177 622 fraus
203 551 435 645 aquariorum
465 576 555 648 quos
582 575 693 648 aquas
720 575 764 626 err
791 551 953 628 ductibus
972 551 1261 650 publicisinpri·

75 673 240 738 vatorum
264 687 353 740 usus
381 664 478 741 derrr
470 693 541 741 are
567 666 872 766 deprehendimus.
923 667 1002 747 Sed
1036 677 1072 741 et
1103 665 1261 764 plerique
1305 735 1387 789 t..

75 802 381 877 possessorum,e
402 807 549 880 quorum
576 787 674 882 agris
701 807 791 881 aqua
817 783 1096 876 circumducitur,
1112 770 1338 867 subindeflsss.

77 895 266 970 formas
238 922 394 991 rivorum
418 901 615 997 perforant
642 899 735 974 unde
761 899 808 995 fit,
836 912 874 974 ut
899 897 1026 973 ductus
1051 898 1181 996 publici
1194 888 1319 971 bo··¹'

76 1011 232 1087 minibus
257 1013 405 1112 privatis
430 1015 488 1090 rel
514 1015 557 1089 ad
584 1015 760 1090 hortorum
783 1017 1021 1089 usumitinera
1035 1013 1281 1112 suspendant.
1290 977 1368 1076 fta

153 1129 215 1204 Ac
240 1127 285 1205 de
309 1132 405 1205 vitiis
432 1131 603 1206 eiusmodi
629 1156 695 1206 nec
720 1132 820 1230 plura
846 1156 912 1206 nec
937 1130 1063 1205 melius
1091 1131 1159 1205 drcr
1172 1152 1262 1228 pos
1289 1126 1339 1201 76

77 1257 174 1340 sunt,
202 1270 305 1344 quam
329 1273 351 1322 a
377 1244 504 1327 Caelio
531 1237 628 1323 Ruso
655 1247 747 1322 dicta
772 1249 913 1322 suntin
938 1271 982 1322 ea
1007 1248 1188 1340 concione,
1209 1247 1266 1319 cui

78 1527 166 1574 mum
186 1508 389 1588 subserviant,
411 1515 462 1577 ael
482 1514 526 1577 ud
547 1519 657 1578 itinera
677 1516 875 1599 suspendant.
917 1513 1041 1580 Ductus
1062 1517 1174 1577 itinera
1195 1532 1268 1575 sus-

76 1607 217 1691 pendunt
237 1610 460 1691 intelligendum
483 1615 520 1676 de
542 1613 720 1693 bominibus,
749 1617 802 1699 qui
821 1633 937 1678 cursum
960 1632 1096 1696 aquarum
1118 1615 1268 1675 avertunt.

79 1709 172 1775 Pola
213 1709 282 1788 cat,
310 1711 406 1775 achon
427 1711 527 1775 allein.
570 1714 620 1776 An
641 1717 754 1778 excidit
776 1715 933 1777 membrum
959 1713 1011 1776 cet
1031 1712 1075 1774 ad
1094 1705 1270 1774 domorum?

79 1809 219 1874 riurein.
262 1808 306 1877 C:
329 1795 418 1890 buu,
449 1832 505 1893 pro
528 1807 631 1890 trinta,
652 1814 675 1875 i.
697 1832 725 1876 e.
748 1817 870 1876 itinera.
897 1831 954 1897 qua
974 1813 1105 1894 pessima
1125 1810 1271 1890 scriptura

79 1908 225 1993 smulque
247 1909 331 1975 exitu
352 1912 561 1993 praecedentis
583 1912 747 1990 tortorum,
770 1912 946 1976 vocabulum
968 1931 1053 1976 usam
1073 1908 1196 1974 interlit.
1223 1907 1271 1971 V:

79 2007 236 2073 tortorum
256 2014 328 2072 utim
349 2053 487 2072 .....
509 2012 707 2094 suspendant.
739 2012 762 2074 F
785 2010 829 2074 0:
854 2010 1070 2073 adhortatum
1090 2028 1177 2070 usum
1197 2007 1272 2070 sub-

80 2112 230 2171 serviant.
273 2107 313 2172 Ut
334 2110 365 2172 in
385 2110 405 2171 J
426 2110 554 2191 legitur,
591 2112 682 2173 video
713 2112 799 2173 etiarn
822 2113 853 2173 in
873 2108 942 2174 cdd.
964 2126 1039 2181 rec,
1062 2112 1095 2171 et
1114 2108 1160 2168 sic
1182 2109 1271 2170 etiam

80 2206 290 2272 emanans
326 2213 419 2272 toturn
452 2208 550 2272 locum
580 2212 703 2281 inseruit
730 2208 938 2272 commentario
967 2207 997 2269 in
1025 2206 1090 2271 Cic.
1114 2206 1171 2285 llp.
1192 2205 1272 2271 Fam.

79 2306 167 2372 vill.
191 2315 222 2388 6,
243 2312 401 2372 annotante
422 2308 607 2372 Heinricbio.
651 2309 724 2374 Scir.
747 2309 886 2386 corrigit:
914 2311 1027 2370 itinera
1053 2324 1113 2369 sua
1131 2303 1272 2387 perdunt.

81 2407 193 2473 deletis
212 2407 274 2470 illis
293 2406 462 2473 bominibus
476 2413 621 2490 privatis,
642 2410 808 2490 vertitque:
829 2426 890 2486 „so
914 2407 983 2469 dass
1005 2403 1177 2468 identliclre
1198 2403 1272 2467 Lei-

79 2511 197 2586 tuugeu
233 2525 327 2585 sogal·
355 2524 409 2568 nur
430 2507 763 2586 Gartcnbewttsserung
789 2507 853 2568 ihre
875 2505 971 2567 Piade
997 2502 1272 2566 ncrsclrwenden.“

79 2605 174 2671 Immo
211 2607 322 2688 optime
360 2607 467 2667 ductus
487 2611 544 2668 tter
565 2607 750 2688 suspendere
772 2606 890 2683 dicitur,
918 2602 1002 2665 cuius
1023 2621 1127 2664 cursus
1150 2599 1274 2681 tollitur,

81 2704 136 2768 vel
157 2705 260 2786 potius
280 2705 509 2786 interrumpitur,
530 2710 563 2767 ut
583 2707 677 2767 rarior
697 2705 767 2766 duat
787 2721 864 2785 aqua
885 2703 1079 2783 tenuioreque
1100 2701 1201 2780 copia,
1224 2705 1275 2765 ut-

81 2809 156 2885 pote
178 2803 330 2866 maximam
351 2809 465 2884 partem
488 2806 519 2866 in
540 2803 722 2885 privatorum
745 2802 898 2865 utilitatem
920 2805 959 2867 ad
979 2803 1085 2865 hortos
1105 2800 1277 2879 irrigandos

83 2901 230 2966 derivata.
272 2902 475 2967 Subcercr'cnt
505 2904 677 2982 interpretis
699 2906 764 2980 est,
795 2903 842 2964 cui
864 2905 961 2966 tamen
982 2901 1206 2982 interpretatio,
1243 2903 1277 2964 ut

82 3019 126 3065 cx
146 2999 250 3063 verbis
269 3003 321 3064 cet
340 3001 384 3065 ud
404 3006 517 3066 itinera
537 3003 725 3083 suspendant
744 3001 848 3083 liquet,
872 3002 968 3064 minus
988 3001 1151 3083 processit.

125 3120 183 3164 nee
202 3100 326 3178 melius)
370 3100 416 3163 lta
443 3107 505 3164 tres
527 3101 616 3164 codd.
638 3100 747 3165 ilecto.
768 3100 913 3181 Explica:
936 3118 992 3163 nec
1013 3099 1099 3180 plura
1120 3099 1177 3161 dici
1199 3116 1275 3180 pos·
1309 3097 1341 3150 i6

81 3203 166 3276 sunt,
188 3215 244 3260 nce
266 3217 303 3262 ca
322 3204 448 3281 possunt
470 3196 527 3262 dici
548 3201 664 3265 melina.
704 3199 806 3263 Antea
827 3200 971 3263 edebatur
997 3218 1054 3263 aec
1074 3200 1213 3262 meliora.

124 3299 337 3380 probaremus]
360 3301 426 3362 An:
446 3295 660 3382 proferamus?
679 3299 749 3362 Art.
766 3304 816 3361 23.
832 3298 972 3363 nnius.

127 3399 295 3462 comacula
317 3404 423 3474 etiarn)
446 3401 530 3464 uad:
555 3400 736 3475 coenacula,
758 3408 789 3464 ct
811 3407 947 3479 conupt.

125 3498 211 3565 Nam
232 3498 329 3581 pund)
352 3500 434 3561 Edd:
457 3499 533 3562 Non
555 3499 645 3583 quod.

126 3601 217 3661 ctiam
237 3607 307 3661 sunt
327 3603 405 3660 inter
426 3599 504 3678 lec.)
527 3600 575 3661 llx
598 3598 623 3663 G
645 3597 724 3660 Pol:
746 3601 837 3660 edum
857 3605 927 3659 sunt
947 3597 1077 3658 leuiora.
1114 3595 1187 3657 lirul
1209 3597 1279 3677 qui·

47 3712 53 3725 “
84 3699 154 3762 dem
182 3714 224 3761 ex
249 3695 338 3758 buius
367 3699 436 3758 cod.
463 3697 604 3775 vestigiis
636 3699 739 3776 potest
759 3696 882 3757 verbnm
903 3704 997 3772 aunt,·
1034 3712 1136 3757 verum
1158 3694 1217 3756 lroc
1239 3695 1281 3757 ita

83 3797 310 3878 scriptumest,
334 3802 366 3858 ut
386 3797 509 3858 alterum
532 3814 650 3878 quoquc
672 3797 702 3856 in
719 3794 895 3874 compendio
918 3797 1060 3874 appareat
1090 3792 1280 3856 vocabulum.

85 3896 177 3985 Quod
193 3897 395 3976 compendium
408 3895 507 3976 paullo
520 3895 672 3955 confusum
684 3895 816 3974 speciem
828 3912 899 3972 prae
916 3911 950 3955 se
967 3895 1026 3955 sert
1045 3891 1184 3955 vocabuli
1212 3892 1280 3969 sub,

86 3995 174 4058 culus
191 3994 301 4057 litteris
319 3997 480 4074 postremis
498 3995 573 4054 duae
590 3993 689 4054 linoae
706 3997 896 4056 transversae
911 3994 996 4054 iuxta
1009 3995 1209 4072 imponuntur,
1226 4011 1281 4070 pro

87 4092 183 4172 stt't2,
200 4093 524 4169 lineisillisrotcntis,
543 4094 564 4153 i.
587 4112 614 4156 e
637 4095 705 4154 sunt
727 4093 814 4154 inter
847 4091 996 4156 Servatur·
1017 4094 1097 4154 inter
1118 4092 1147 4153 in
1172 4089 1285 4153 ΗΠ

88 4195 198 4264 (etium
218 4197 297 4256 inter
313 4195 409 4271 teo.,·)
436 4199 590 4276 utrumque
613 4194 710 4253 antem
731 4191 910 4255 uocabulum
925 4190 1003 4254 baud
1021 4193 1152 4254 obscure
1171 4205 1206 4250 se
1219 4206 1283 4249 ma-

88 4292 236 4356 uitestat
227 4311 257 4354 rn
269 4291 399 4355 lectione
421 4292 439 4353 J
456 4296 487 4355 et
507 4310 570 4354 rec.
584 4295 706 4354 etiamsi
717 4293 797 4356 inter
811 4291 871 4354 leo.
862 4334 882 4368 .‚
894 4309 949 4371 pro
964 4293 1053 4352 etium
1069 4299 1099 4352 st
1112 4294 1199 4363 inter,
1215 4287 1236 4346 l.
1255 4305 1282 4346 c.

90 4392 179 4456 ctiam
195 4394 265 4455 sant
276 4393 365 4457 inter.
387 4391 552 4473 Receptam
575 4390 733 4455 lectionem
751 4391 915 4472 expedias·
932 4392 1003 4452 sunt
1018 4390 1096 4452 inter
1111 4387 1283 4469 altla,puac
