2888 4710
78 176 155 254 284
500 173 941 257 emmerammum

80 420 201 493 troada,
223 419 265 479 ita
286 419 319 476 ut
338 415 524 496 praescripto
547 412 635 473 modo
657 415 689 474 et
709 413 821 492 optima
840 411 978 476 adhibete
998 411 1121 473 materia
1143 411 1339 475 edernaetm.⁴

84 535 202 598 Fidelis
224 535 283 611 est,
305 532 390 594 euius
410 529 576 608 integritati
598 531 629 590 et
649 527 847 589 abstinentiae
868 530 900 588 et
919 526 1063 607 religioni
1078 526 1175 589 ddcre
1190 544 1352 606 possumus.

167 673 398 749 temperamento
415 661 512 742 coeli)
534 661 553 725 i.
576 679 605 742 q.
627 663 790 739 temperato
812 658 912 736 coelo,
934 660 1100 738 temperato
1121 659 1194 721 anni
1215 662 1352 738 tempore,

85 802 123 845 eo
141 782 275 857 seilicet,
304 797 362 861 quo
391 795 485 858 neque
507 776 607 855 frigus
627 774 736 855 premit
761 792 858 856 neque
879 773 953 836 solis
974 780 1089 839 aestus.
1130 776 1244 837 lustin.
1261 773 1300 837 11.
1321 776 1351 838 ie

86 899 202 962 Contra
223 895 357 977 Scptdae
379 893 461 956 coeti
475 890 734 975 temperamentum
753 890 867 952 mullum
887 910 955 952 eece
974 894 1139 954 oetuctatie
1159 898 1353 972 arpumeatun

82 1013 249 1099 putabant,
276 1009 356 1094 quod
384 1006 569 1071 Porcellinus
596 1006 695 1078 (inv.
716 1009 821 1088 temp.)
848 1006 885 1068 de
912 1023 1085 1089 quacunque
1105 1008 1188 1070 aeris
1212 1006 1351 1070 eonstitu-

85 1133 168 1193 tione
191 1129 417 1207 interpretatur:
451 1125 505 1186 sed
527 1123 554 1184 si
580 1121 792 1201 praecedentia
812 1123 955 1201 respicit,
984 1121 1141 1199 intelliges
1171 1120 1264 1200 „hoc
1283 1121 1351 1185 coeli

85 1241 377 1326 tenrpcramcntum“,
400 1245 431 1302 et
440 1224 630 1319 explicabis:
650 1236 710 1299 hoe
732 1240 922 1317 temperatum
935 1238 1064 1317 coelum,
1084 1237 1163 1300 hane
1185 1237 1269 1300 coeli
1285 1241 1351 1301 teu-

84 1365 208 1446 pericm,
251 1358 286 1420 In
308 1357 432 1418 eundem
454 1373 573 1418 sensum
595 1352 711 1414 Plinius
732 1353 789 1433 llp.
812 1353 851 1415 V.
869 1358 907 1415 6:
928 1358 1090 1437 temperior
1110 1353 1206 1432 coeli,
1230 1354 1269 1415 de
1283 1356 1350 1417 tem-

83 1483 187 1561 perato
207 1473 286 1536 coeli
309 1473 541 1549 constitutione3
564 1473 595 1533 et
614 1468 730 1530 Nonius
746 1469 786 1530 11.
808 1472 886 1531 848:
908 1479 1112 1553 temperatura
1135 1469 1231 1532 coeli.
1288 1528 1292 1532 e

163 1608 320 1692 praecipit
337 1603 509 1684 materiam)
531 1603 551 1664 i.
574 1620 602 1664 e.
623 1603 808 1680 praemature
831 1605 958 1682 occupat
979 1605 1011 1664 et
1031 1605 1191 1666 consumit.
1220 1602 1349 1666 Maera

82 1727 271 1808 amplectitur
302 1721 413 1800 ononis,
443 1719 589 1801 equibus
617 1719 765 1781 structura
787 1720 920 1797 constat3
948 1720 979 1779 ct
1007 1714 1347 1800 sancituri(v11.1o)

82 1842 248 1906 ernendatio
270 1839 432 1900 maceriam
453 1852 508 1895 nce
530 1832 704 1895 necessaria
725 1837 784 1912 est,
807 1836 839 1895 et
858 1832 1077 1913 posthabenda.

163 1991 220 2034 aec
239 1970 347 2039 allum)
380 1977 453 2046 pro:
481 1965 536 2028 sed
557 1964 684 2042 nullum3
705 1965 753 2025 de
774 1983 832 2047 qua
851 1966 1016 2046 particulae
1037 1985 1094 2028 uec
1114 1968 1147 2028 vi
1167 1967 1347 2030 adversative

81 2090 123 2152 cl.
144 2088 181 2150 od
201 2085 271 2149 Art.
293 2087 323 2145 9.

163 2218 364 2289 obstaturam]
385 2213 499 2276 Laudat
519 2212 682 2276 Foreellin.
705 2214 735 2275 in
751 2231 784 2274 v.
807 2213 902 2276 oleta.

161 2344 359 2430 Fides-eice)
382 2347 471 2423 liius,
493 2361 538 2405 so.
556 2347 669 2425 operis,
690 2347 713 2406 1.
735 2363 764 2408 e.
787 2346 928 2426 inopere
949 2348 1099 2411 iaciendo.

686 2616 755 2677 124.

159 2793 335 2881 proximor)
357 2794 457 2857 lntoll.
475 2791 546 2856 Urbi
567 2795 735 2875 proximos,
758 2794 827 2857 inde
844 2813 861 2855 a
877 2793 947 2857 Vll.
969 2796 1105 2858 milliario
1128 2796 1271 2861 fluentes.
1292 2798 1350 2863 ne-

80 2914 244 3009 metissima
264 2906 408 2989 Claudia,
430 2930 448 2972 a
469 2910 568 2990 lapide
589 2909 655 2972 XL.
679 2912 778 2988 dueta,
801 2912 964 2973 seeundum
984 2910 1118 2976 Plinium.
1141 2911 1192 2976 Gi.
1215 2911 1349 2997 luseript

79 3049 128 3111 ap.
147 3026 277 3092 Casani).
300 3027 338 3087 ad
358 3026 485 3088 Sueten.
507 3023 613 3088 Claud.
636 3044 662 3089 e.
685 3031 735 3087 20.
756 3024 895 3089 HlllNli.

138 3150 141 3155 ⁸
161 3156 348 3238 lactentum)
371 3159 526 3236 signiiioat
548 3176 623 3236 opus
645 3158 765 3242 aliquod
781 3176 822 3219 ex
839 3158 930 3219 londo
948 3177 1002 3221 seu
1019 3177 1058 3220 ex
1074 3159 1152 3221 iacto
1181 3159 1353 3223 leomanen-

48 3276 51 3287 '
80 3281 112 3338 to
134 3277 330 3351 exstructum,
353 3272 587 3352 iundmnentum,
609 3274 688 3355 quod
709 3276 738 3334 in
759 3273 941 3335 altitudinem
970 3275 1153 3355 exstruitur,
1181 3275 1353 3357 simpliciter

80 3393 310 3466 tundamentum,
334 3389 401 3449 eine
424 3386 607 3466 Grundlage.
629 3388 677 3450 Ao
699 3389 840 3451 iaedoato
863 3389 983 3472 aliquid
1005 3399 1179 3467 exstruere,
1197 3387 1351 3453 Columell.

78 3526 127 3588 ap.
148 3504 309 3568 Foredllin.

161 3639 296 3702 Futurae
316 3640 471 3718 impensae
489 3633 692 3718 paeparatio]
721 3637 787 3700 llae
807 3636 902 3700 verba
922 3636 1018 3699 lucem
1039 3655 1121 3698 suam
1142 3636 1297 3718 occipiunt
1316 3655 1351 3700 ex

80 3753 167 3816 initio
184 3752 337 3836 sequentis
359 3751 489 3813 Senatus
511 3751 651 3814 consulti.
693 3752 758 3815 Pol.
781 3753 931 3833 explicat:
953 3757 1111 3836 impensae
1132 3754 1350 3816 immutarier

80 3869 225 3949 impensis
247 3867 455 3950 acquirendae.
477 3865 551 3928 Scir.
574 3868 691 3930 reddit:
711 3868 773 3930 Die
792 3867 1008 3946 Bcischaiiung
1029 3869 1084 3930 der
1099 3867 1261 3948 induitigen
1276 3869 1351 3931 liau-

79 3983 282 4047 hedtirinissc.
323 3980 512 4043 Porcellinus
534 3979 581 4065 (in
602 4003 635 4044 v.
658 3988 810 4066 impensa)
834 3984 922 4047 dicit:
938 3983 1103 4065 impensam
1124 3983 1289 4047 Frontinus
1308 3982 1350 4047 A·

79 4099 185 4182 quaed.
215 4101 272 4160 121
301 4101 392 4158 rocat
424 4098 575 4160 materiem
603 4099 781 4161 reiiciendls
813 4099 1047 4182 aquaeductibus
1081 4103 1199 4178 aptam,
1234 4104 1351 4176 terram,

79 4215 208 4295 lapides,
231 4213 323 4292 ligna,
347 4215 407 4274 etc.
450 4211 554 4274 Omnia
574 4217 667 4276 recte.
688 4213 832 4298 impensa
852 4216 928 4277 enlm
950 4218 999 4279 est
1014 4215 1158 4298 quidquid
1179 4215 1351 4295 impenditur

78 4329 116 4389 ad
131 4328 256 4410 aliquam
272 4345 333 4390 rem
352 4327 549 4407 alliciendam,
560 4326 702 4409 imprimis
712 4331 850 4411 pecunia,
862 4349 919 4413 qua
930 4333 1163 4412 omniapossunt
1179 4330 1350 4417 comparari.
