2888 4710
531 196 939 277 FRONTINUS

185 431 410 505 Maximus
443 427 572 507 coss.
612 430 661 503 V.
690 431 734 503 F.
767 430 817 504 de
850 432 986 523 rivis,
1023 430 1242 528 specibus
1272 428 1348 503 lor·

184 546 459 641 nicibusque
485 544 653 639 Juliae,
681 546 902 638 Marciae,
930 544 1126 642 Appiae,
1156 544 1346 642 Tepulae,

184 661 379 735 Anionis
406 660 700 754 reficiendiS,
730 656 1347 750 0.D.E.R.F.P.D.E.R.J.b.
1375 742 1378 749 ,

186 775 281 873 Uti,
319 801 413 849 cum
444 777 475 849 ii
507 777 614 871 rivi,
651 800 838 874 specuS,
874 776 1091 870 fornices,
1126 800 1239 873 quos
1270 775 1348 849 Au·

183 913 347 988 gustus
386 890 565 970 Caesar
615 917 664 965 se
715 892 989 965 relecturum
1039 893 1242 989 impensa
1288 915 1350 965 sua

183 1006 417 1102 pollicitus
450 1007 642 1085 Senatui
677 1019 765 1100 est,
802 1006 1122 1100 reficerentur,
1162 1031 1213 1080 ex
1249 1010 1352 1106 agris

183 1123 460 1217 privatorum
491 1137 632 1217 terra,
672 1124 828 1217 limus,
863 1106 1000 1220 lapis,
1035 1133 1178 1217 testa,
1214 1147 1352 1217 arena,

182 1237 305 1335 ligna
332 1254 593 1338 ceteraque,
631 1239 792 1335 quibus
825 1237 876 1311 ad
908 1262 998 1312 eam
1029 1263 1115 1312 rem
1150 1263 1261 1336 opus
1290 1222 1352 1315 es·

181 1368 269 1449 set,
306 1355 419 1430 unde
454 1379 658 1454 quaeque
692 1377 842 1427 eorum
874 1355 1081 1452 proxime
1113 1355 1216 1428 sine
1246 1357 1353 1429 iniu-

181 1471 249 1542 ria
288 1473 566 1569 privator·um
603 1469 729 1563 tolli,
771 1471 907 1565 sumi,
947 1471 1127 1567 portari
1168 1472 1351 1567 possint,
1387 1544 1390 1549 .

179 1586 267 1659 viri
304 1587 407 1661 boni
445 1590 665 1663 arbitratu
699 1586 954 1680 aestimata,
996 1584 1235 1682 darentur,
1275 1587 1388 1675 tol·¹

179 1700 400 1798 lerentur,
446 1712 755 1794 sumerentur,
796 1711 1181 1798 exportarentnr3
1237 1702 1354 1777 etad

180 1840 258 1888 eas
294 1842 367 1890 res
401 1842 550 1894 omnes
585 1816 899 1914 exportandus
935 1840 1181 1913 earumque
1217 1843 1353 1893 rerum

179 1932 533 2010 reficiendarum
580 1957 745 2026 causa,
798 1933 1013 2027 quotiens
1057 1956 1172 2030 opus
1220 1948 1351 2029 esset,

177 2071 258 2144 per
288 2073 425 2148 agros
457 2059 737 2151 privatorum
769 2050 871 2121 sine
901 2048 1069 2121 iniuria
1101 2072 1257 2125 eorum
1285 2053 1351 2125 iti·

177 2186 300 2260 nera,
337 2178 467 2241 actus
501 2176 732 2267 paterent,
769 2163 1000 2237 darentur.

80 2271 154 2347 126
253 2281 467 2380 Plerumque
502 2296 616 2358 autem
649 2282 733 2353 vitia
766 2282 923 2353 oriuntur
956 2305 1001 2353 ex
1035 2281 1244 2376 impotentia
1273 2306 1350 2383 pos·
1388 2318 1391 2401 p

179 2419 380 2493 sessorum,
423 2401 481 2496 qui
518 2399 677 2497 pluribus
715 2395 829 2470 modis
868 2397 966 2469 rivos
1005 2398 1149 2471 violant.
1206 2398 1349 2473 Primum
1388 2406 1391 2489 l

178 2513 268 2584 enim
295 2517 424 2611 spatia,
454 2540 543 2612 quae
572 2516 664 2589 circa
690 2513 816 2585 ductus
844 2536 1010 2609 aquarum
1035 2537 1080 2586 ex
1098 2511 1260 2589 Senatus
1273 2540 1347 2590 con·

177 2629 269 2700 sulto
302 2655 431 2704 vacare
464 2631 610 2725 debent,
645 2639 706 2703 aut
737 2628 906 2702 aedificiis
940 2642 999 2702 aut
1030 2629 1219 2705 arboribus
1252 2654 1347 2707 occu·

178 2760 267 2839 piant.
318 2746 484 2821 Arbores
508 2753 626 2843 magis
651 2762 796 2839 morcant,
833 2770 977 2844 quarum
1005 2745 1185 2821 radicibus
1213 2759 1245 2821 el
1271 2772 1346 2823 con-

175 2869 432 2936 camerationes
464 2877 501 2937 et
531 2863 640 2936 latera
666 2862 860 2935 solvuntur.
910 2862 1051 2935 Deinde
1077 2863 1253 2938 vicinales
1276 2869 1346 2937 vius

174 2989 411 3077 agrestesque
436 3004 500 3077 per
525 2985 624 3076 ipsas
651 2979 782 3052 formas
805 2976 970 3074 dirigunt.
1009 2977 1224 3054 Novissime
1242 2976 1348 3053 uilitas
1389 2990 1392 3069 ζ

175 3094 219 3165 ad
253 3095 392 3167 tutelam
424 3095 662 3192 praecludunt.
715 3092 818 3187 Quae
851 3099 964 3169 omnia
996 3091 1155 3169 Senatus
1181 3096 1343 3185 consulto,

174 3209 269 3308 quod
295 3211 452 3304 subieci,
480 3217 626 3308 provisa
652 3223 743 3284 sunt.

75 3320 149 3394 127
251 3325 381 3418 Quod
421 3324 467 3419 Ο.
504 3328 675 3403 Aelius
714 3326 919 3421 Tubero,
958 3326 1138 3400 Paulus
1178 3328 1344 3402 Fabius

75 3493 333 3512 Μ

109 3572 156 3623 reo
211 3569 440 3639 possessorum)
468 3563 515 3627 V:
536 3563 777 3646 possessoribus.

210 3659 325 3730 tundis)
351 3680 410 3723 om.
433 3664 464 3724 io
487 3661 524 3725 C.

210 3757 357 3833 Primum)
386 3761 432 3823 V:
454 3762 597 3827 Pronum.
624 3763 653 3823 V
669 3765 704 3825 J:
726 3763 851 3825 Horum.

209 3858 335 3920 arbores
349 3894 391 3902 —
406 3861 581 3936 solvuntur)
612 3863 694 3924 Fort.
717 3862 792 3925 hacc
815 3863 926 3941 spuria.
956 3862 1093 3928 HlllNll.

209 3958 278 4016 raal.
303 3968 332 4019 ct
355 3965 507 4032 coucam.)
537 3960 579 4024 G:
603 3962 761 4024 radicibus
783 3967 1064 4025 concamerationis.

206 4058 340 4133 sarraca)
369 4059 441 4120 Sclr.
464 4063 590 4137 corrigit
609 4061 742 4140 forinas.
766 4082 795 4122 r.
817 4063 853 4123 ad
875 4063 944 4123 Art.
964 4065 1014 4124 ib.

104 4172 150 4223 127
210 4156 246 4237 (r.
273 4157 305 4215 1¹¹.
331 4157 366 4216 P.
390 4163 464 4229 otu]
495 4157 586 4224 GU:
615 4161 702 4250 Quae
729 4161 766 4222 F.
788 4162 849 4236 Ρ.,·
878 4161 907 4221 V
927 4161 968 4222 F:
995 4161 1155 4226 arboribus
1183 4169 1248 4227 scri
1275 4183 1351 4247 quac

171 4255 203 4315 F.
227 4255 263 4316 P.
286 4257 330 4316 Ι).
353 4257 392 4318 It.
415 4259 456 4319 Ε.
478 4260 512 4320 J.
536 4260 594 4334 C.,·
631 4267 791 4324 annotante
820 4261 935 4323 liblero
965 4261 1022 4323 al.:
1058 4263 1096 4352 (l.
1119 4264 1164 4324 1).
1188 4264 1230 4325 Ε.
1262 4263 1295 4327 a.
1318 4262 1350 4327 F.

169 4354 206 4415 P.
230 4355 272 4415 Ι).
300 4356 335 4416 li.
362 4359 401 4418 ri.
423 4359 457 4419 J.
482 4358 518 4420 C.
