2888 4710
77 140 135 218 ιτ
353 85 357 93 ’
553 138 876 218 ennunnnro.

77 379 118 448 ut
147 370 270 470 plures
303 371 433 469 aliquot
465 371 598 447 litteras
631 371 666 446 in
693 322 808 447 ldcem
833 368 977 448 dederit.
1009 410 1066 429 ·--
1092 359 1364 471 significabitur

77 503 137 580 bic
159 503 275 580 codex
297 504 412 579 littera
435 503 483 583 U.
824 560 830 568 f
859 564 863 572 .

178 619 338 711 'llertius'
365 646 421 711 est
449 634 643 716 chllX
674 633 1014 733 VA'l'IcANUS,
1056 634 1362 730 membranaceus,

78 769 241 866 signatus
265 769 351 845 bibl..
371 769 458 843 vat.
485 793 571 848 nro·
585 767 697 842 4498.
744 767 784 842 Is
807 791 947 865 quoque
973 766 1078 844 nitide
1102 767 1257 866 scriptus
1275 790 1363 841 esse

77 901 207 997 lemur,
235 900 425 998 eidemque
457 902 660 1000 assignatur
696 901 863 999 tempori,
898 901 956 976 cui
989 900 1155 978 Urbinas,
1205 900 1265 975 De
1291 922 1366 996 quo·

76 1033 236 1108 Polenus
261 1059 296 1132 p.
311 1031 382 1108 20:
412 1032 591 1128 ,Urbinas
616 1032 720 1107 valde
745 1032 794 1106 illi
819 1043 995 1130 praestat:
1022 1031 1161 1108 videtur
1185 1031 1276 1107 enim
1297 1055 1363 1131 per

76 1175 197 1264 partes
230 1165 449 1264 descriptus,
488 1176 679 1264 partesque
712 1164 914 1262 perturbato
942 1163 1063 1253 ordine
1087 1166 1176 1239 inter
1201 1188 1244 1238 se
1270 1187 1361 1239 con-

76 1298 222 1372 iunctae·
241 1309 354 1373 suntt·
377 1298 535 1396 plruimis
568 1297 670 1374 etiarn
703 1307 817 1373 scatet
840 1296 987 1395 mendis,
1014 1305 1054 1371 ut
1078 1321 1141 1395 pro
1168 1305 1266 1370 certo
1292 1293 1361 1369 bu-

76 1429 198 1527 beam,
232 1454 302 1504 non
328 1455 374 1504 ex
398 1430 478 1530 ipso
504 1427 715 1507 cassinensi
742 1427 885 1528 codice,
921 1428 988 1504 sed
1023 1453 1069 1503 ex
1095 1428 1162 1503 alio
1188 1426 1361 1502 mendoso

77 1561 269 1662 exemplari
301 1562 414 1636 finisse
448 1560 664 1660 descriptum
695 1564 869 1660 novisque
904 1562 1082 1636 erroribus
1108 1562 1357 1658 inquinatum.“

75 1693 169 1771 Plus
192 1692 274 1768 fidei
297 1692 481 1791 laudisque
506 1692 587 1768 huic
612 1693 735 1790 codici,
762 1696 797 1768 in
820 1694 947 1770 Poleni
977 1694 1113 1791 scilicet
1138 1693 1359 1791 vituperium,

75 1823 229 1902 uindicat
253 1823 470 1904 Schultzins.
519 1825 604 1925 Ego
638 1843 822 1925 postquam
860 1851 940 1901 eum
965 1827 1164 1902 accuratius
1189 1847 1362 1923 perscru-

75 1952 286 2058 delossum,
313 1957 381 2032 hoc
405 1956 569 2032 iudicium
593 1960 723 2057 recepi.
773 1958 836 2034 Ex
859 1960 1040 2058 permultis
1065 1959 1156 2034 locis
1181 1942 1362 2056 gravissi·

75 2091 168 2190 nis,
205 2091 267 2189 qui
303 2115 383 2166 cum
422 2089 635 2168 cassinensi
674 2101 708 2166 et
743 2091 922 2181 Urbinate,
947 2101 1112 2168 accurate
1146 2090 1361 2189 conspirant,

75 2223 297 2300 manifestum
323 2234 390 2321 est,
404 2223 616 2298 Vaticanum
643 2224 765 2322 partim
791 2222 836 2298 ud
860 2225 941 2299 illos
967 2223 1111 2300 codices
1139 2247 1225 2299 esse
1250 2221 1363 2298 redu·

76 2355 244 2450 cendum3
279 2355 345 2431 sed
360 2357 548 2430 uarietatis
573 2380 659 2457 pars
684 2357 791 2432 multo
817 2358 928 2432 maior
953 2357 1024 2432 illis
1051 2366 1108 2433 est
1133 2355 1360 2453 alienissimo,

77 2498 116 2565 et
147 2512 195 2564 ex
226 2488 294 2564 alio
328 2488 572 2564 diversissimo
606 2490 823 2586 nescioquo
851 2489 973 2566 codice
998 2489 1109 2587 repeti
1136 2487 1252 2564 debet.
1301 2486 1363 2564 Ea

75 2645 174 2721 vero,
200 2623 236 2696 in
261 2621 389 2719 quibus
414 2648 436 2695 a
462 2619 674 2698 cassinensi
708 2632 743 2696 et
768 2622 938 2700 Urbinate
971 2621 1093 2718 differt,
1133 2621 1216 2695 licet
1248 2644 1362 2720 saepe

75 2754 148 2829 sint
176 2755 235 2828 vel
250 2777 252 2782 ·
269 2755 448 2854 pessimae
478 2764 593 2851 notae,
635 2755 757 2853 partim
791 2780 901 2853 prava
933 2755 1124 2830 verborum
1165 2754 1361 2828 sententia·

76 2908 224 2983 rumque
234 2888 458 2985 intelligentia
482 2898 568 2982 orta,
596 2889 720 2985 partim
741 2911 920 2962 asumma
944 2887 1161 2986 negligentia
1187 2886 1362 2961 omniurn·

77 3043 146 3117 que
177 3043 294 3094 rerum
329 3020 536 3095 confusione
568 3019 737 3120 profecta,
776 3019 881 3095 nihilo
918 3021 1033 3094 minus
1067 3018 1123 3095 bic
1157 3017 1272 3094 codex
1304 3027 1364 3091 cst

76 3151 338 3251 respiciendus:
374 3155 502 3251 quippe
530 3154 587 3250 qui
612 3153 718 3226 multa
745 3150 871 3227 habeut
896 3151 1099 3250 singularia,
1127 3163 1238 3227 artem
1262 3150 1361 3225 criti-

77 3308 155 3360 cum
178 3286 299 3384 agenti
322 3310 391 3361 non
418 3284 626 3384 spernenda,
663 3295 709 3383 et,
749 3284 843 3382 quod
867 3287 1056 3358 maximum
1082 3294 1149 3382 est,
1190 3284 1363 3382 originem

76 3417 323 3517 permultorum
348 3420 451 3494 nobis
476 3417 634 3492 recludat
665 3419 934 3515 corruptionum,
975 3417 1125 3515 quaein
1151 3415 1362 3491 editionibus

77 3551 257 3626 veteribus
282 3548 596 3650 deprehenduntur.
648 3549 879 3648 significatur
903 3574 924 3624 a
948 3574 1006 3625 me
1032 3548 1237 3647 compendio
1265 3548 1316 3622 V.

177 3683 328 3759 Praeter·
361 3682 427 3758 bos
460 3697 534 3760 tres
568 3682 723 3758 codices
739 3682 813 3781 jum
847 3683 1031 3758 aPoleno
1058 3681 1233 3758 adhibitos
1259 3705 1362 3756 com·
1396 3729 1399 3747 2

77 3827 311 3892 memorantur
343 3817 401 3890 alii
434 3815 514 3891 duo.
564 3816 671 3892 Alter·
705 3826 763 3891 est
794 3813 839 3890 dc
872 3840 1017 3891 numero
1052 3814 1223 3911 codicum,
1271 3837 1363 3911 quos

77 3947 239 4048 possidet
257 3949 383 4024 'l'bom
404 3948 576 4047 Philipps,
604 3952 804 4025 Baronelus
824 3949 1137 4043 Middlehillcnsis3
1166 3948 1223 4022 cui
1248 3946 1362 4022 codici

77 4084 213 4157 insunt:
247 4084 443 4158 Frontinus
467 4081 510 4156 dc
534 4082 720 4180 Aquued.;
748 4081 909 4180 ejusdem
935 4092 1204 4180 strategemata,
1230 4078 1362 4154 Isidorl

77 4216 303 4316 Hispalensis
330 4215 536 4309 chronicon,
578 4215 794 4290 abbreviatio
820 4197 1172 4289 Pauli'warnenrdi
1197 4212 1361 4288 debello

76 4349 415 4448 longobardorum,
453 4350 594 4428 Petrus:
611 4347 904 4429 Bibliotbeoarius
936 4345 980 4425 de
1006 4345 1150 4424 historia
1177 4344 1362 4423 Gallomm
