2888 4710
495 220 986 343 ,munusmonnm
1281 224 1356 303 ros

74 454 103 515 iu
126 472 200 531 agro
222 454 392 517 'l'usculnno
421 475 486 520 oom
509 457 651 536 operibus
671 458 940 539 sumptuosissimis
961 458 1284 540 arrrlulatlouilmsque‚
1317 461 1355 521 de

74 590 134 652 qua
169 572 232 631 uid.
251 570 396 650 'inprimis
428 571 565 635 Kirclrer.
595 573 661 635 Lat.
689 573 763 636 vu.
792 576 823 635 ot
850 573 930 635 Nou.
959 594 989 653 p.
1013 577 1052 635 12
1079 593 1144 656 sqq.
1186 575 1251 636 Juru
1279 592 1355 637 vcro

74 682 253 747 Scimltuios
278 686 316 747 ad
344 686 433 749 Plinii
454 686 493 748 ll.
515 687 553 753 N.
574 687 731 751 xviiia
761 688 856 751 verita
881 688 962 751 oilla
982 689 1109 752 Luculli
1121 706 1206 769 ‚apro
1229 689 1357 752 ooredot

72 786 251 880 prouocat}¹
266 796 363 885 eoque
385 802 555 865 testimonio
579 822 691 865 omnem
713 803 855 866 librorum
870 799 1025 883 'l'mntini,
1048 805 1077 867 iu
1097 823 1174 884 agro
1191 803 1354 866 Lucullano

75 917 347 1002 consentientium,
370 918 455 980 iidem
477 918 666 981 subvertisse
686 919 745 981 silui
767 920 900 999 uidetur,
921 920 1005 1002 quasi
1027 920 1099 983 illud
1117 939 1220 983 omnes
1236 921 1354 982 omuino

74 1030 194 1093 Luculli
217 1033 305 1095 villos
327 1034 561 1114 complectatur3
593 1044 679 1116 quum
702 1037 798 1096 tamen
819 1036 856 1096 od
879 1054 963 1096 unam
985 1053 1108 1116 eamque
1129 1037 1272 1098 incertam
1295 1034 1355 1095 vil-

73 1145 132 1207 lnm
154 1136 312 1229 pertineat.
345 1149 378 1211 ld
400 1150 477 1211 lraud
500 1168 597 1228 nego,
620 1169 725 1230 aprum
747 1148 936 1212 Lucullorum
958 1150 1015 1210 nisi
1037 1149 1130 1212 tribus
1151 1150 1283 1214 Frontini
1306 1149 1361 1210 lo-

72 1262 120 1325 cis
149 1251 289 1346 nosquam
316 1266 557 1343 commemomri3
587 1268 646 1327 tum
668 1283 771 1343 ugrum
794 1264 872 1326 illum
894 1263 924 1326 in
945 1268 1055 1328 tautum
1077 1265 1210 1345 patuisse
1231 1265 1287 1326 vix
1309 1268 1357 1327 est

74 1377 258 1455 uerisimile,
279 1381 349 1461 quia
370 1379 512 1442 lmeullos
533 1381 717 1460 sumptuosis
738 1382 835 1458 magis
857 1378 1084 1463 splendidisque
1099 1380 1184 1443 villis
1201 1378 1357 1460 hortisque

73 1494 277 1573 insero-iubat,
305 1493 455 1577 villaeque
484 1513 553 1557 esse
581 1499 722 1576 poterant
748 1496 814 1557 sine
841 1515 918 1574 agro
940 1495 1182 1572 circumlucente,
1210 1495 1242 1555 id
1263 1495 1355 1575 quod,

72 1608 172 1671 Plinio
195 1598 292 1691 tosle,
315 1611 467 1672 innescio
489 1630 573 1691 quam
595 1612 692 1691 ipsius
712 1611 830 1674 lmcolli
851 1610 950 1672 villam
973 1610 1111 1672 cadebat.
1143 1610 1254 1673 Verum
1272 1611 1356 1671 recte

72 1727 201 1787 annotat
215 1698 308 1787 ''Porz
340 1721 441 1802 „Cum
471 1745 537 1788 vox
569 1745 645 1806 uper
674 1725 811 1807 pluribus
841 1727 977 1806 praedita
1008 1728 1049 1788 sit
1076 1723 1356 1804 significationibus,

73 1858 151 1923 quas
171 1842 249 1902 inter
269 1840 426 1922 aliquando
449 1843 628 1904 territorium
650 1840 775 1904 alicuius
796 1841 878 1904 oriris
898 1841 1068 1919 significet,
1096 1838 1254 1922 aliquando
1283 1856 1356 1919 par-

72 1959 136 2018 tem
152 1954 289 2051 ‘aliquam
316 1956 411 2037 ipsius
438 1957 598 2036 territorii,
627 1976 704 2038 quan
728 1957 866 2038 privatim
892 1957 1049 2040 abaliquo
1071 1955 1259 2037 possidetor3
1287 1970 1358 2015 reor

73 2069 154 2131 huno
175 2062 283 2148 ¹agroru
308 2075 460 2152 postrema
479 2071 536 2134 lrac
557 2072 778 2152 signiioationc
799 2077 997 2153 assumptum,
1027 2074 1193 2153 dictumque
1214 2065 1357 2133 Luculla-

74 2205 162 2265 uum,
191 2191 328 2268 tanquam
359 2188 387 2249 si
416 2191 498 2250 totos
525 2188 563 2250 ad
584 2187 756 2267 Lucullum,
785 2186 835 2270 qui
856 2160 1039 2266 magnificam
1061 2187 1161 2250 villam
1183 2188 1215 2248 et
1234 2182 1358 2264 praedia

74 2303 205 2384 plurima
232 2299 335 2365 hahuit
361 2305 391 2364 in
421 2302 499 2365 locis
526 2302 605 2383 illis,
633 2302 865 2383 pertinuissct“
907 2302 999 2367 Certe
1026 2321 1125 2386 neque
1154 2301 1356 2363 continentem

74 2436 180 2495 agrum
203 2417 395 2480 [lucullaeum
416 2419 569 2481 immensis
590 2418 697 2480 tinibus
718 2422 752 2481 ot
771 2418 997 2500 intelligamus,
1029 2434 1126 2501 neque
1148 2416 1236 2479 ctiam
1257 2414 1356 2477 locum

74 2533 243 2596 Pliniaunm
271 2534 309 2595 ad
336 2533 535 2596 Tusculanam
563 2532 665 2595 uillam
692 2536 856 2596 reseramus
882 2552 939 2595 uos
961 2535 1039 2596 omni
1061 2534 1149 2595 modo
1171 2532 1244 2608 cogi
1264 2532 1358 2610 putas

75 2665 161 2712 mnsz
193 2649 249 2711 sed
277 2670 364 2733 quum
391 2667 500 2711 revera
525 2648 668 2713 Lucullus
697 2628 774 2730 opud
802 2647 965 2710 Tusculum
992 2649 1095 2712 villam
1123 2646 1357 2726 magnificasque
1415 2738 1416 2743 γ

74 2766 291 2845 possessiones
317 2764 473 2842 nutrierit,
503 2766 573 2846 quin
601 2765 688 2825 etiam
711 2762 865 2826 Lucullaui
885 2764 1106 2845 Tusculaniquc
1132 2763 1200 2842 agri
1223 2779 1356 2823 commu·
1410 2760 1413 2765 ’

77 2882 151 2943 tatio
175 2881 253 2943 iacta
275 2899 346 2943 esso
362 2882 502 2942 videatur
524 2884 573 2954 (ut
588 2881 750 2943 Frontinus
766 2879 868 2943 Arte
889 2881 1013 2943 videtur
1027 2880 1200 2959 indicarem
1221 2879 1357 2940 statuere

75 3014 170 3076 posse
191 3014 209 3059 e
230 2996 365 3059 Frontini
387 2997 465 3059 loeis
485 2980 677 3075 arbitramur,>
699 2996 730 3057 iu
753 2996 884 3080 quodum
904 2996 1031 3059 Luculli
1050 3015 1145 3076 apro,
1165 2992 1216 3057 vol
1239 2995 1270 3055 iu
1288 2993 1358 3074 pui-

75 3112 146 3175 dum
172 3111 302 3175 Luculli
326 3116 525 3195 possessione
552 3130 802 3194 unamquamque,
832 3132 907 3196 quas
934 3130 1025 3193 supra
1051 3108 1356 3184 commemoravimus,

74 3244 214 3309 aquamm
236 3246 307 3290 csse
328 3210 512 3309 eoneepcm.
717 3212 720 3217 ¹

157 3346 213 3406 oio
233 3344 452 3418 Praenestina)
474 3344 540 3407 liae
563 3328 600 3407 et*
614 3323 712 3423 ailae}
733 3362 807 3427 quos
828 3344 989 3408 Frontinus
1011 3342 1160 3420 nominat,
1181 3340 1251 3403 viae
1273 3338 1358 3400 erant

75 3458 240 3537 militares,
273 3457 304 3521 i.
327 3477 356 3520 e.
386 3478 462 3542 quae
491 3462 604 3522 exitum
631 3461 668 3522 ad
695 3479 793 3540 mare,
825 3446 877 3524 aut
904 3461 936 3522 in
957 3460 1067 3537 urbes,
1098 3460 1149 3519 out
1175 3457 1213 3518 od
1239 3454 1358 3517 domina

73 3573 216 3654 publica,
245 3577 296 3636 aut
326 3575 364 3636 ad
395 3576 482 3637 aliam
512 3577 591 3638 viam
618 3577 774 3639 militarem
803 3576 964 3640 habehant.
1005 3572 1095 3639 Pon.
1137 3570 1257 3652 Ulpica.
1279 3571 1356 3650 lilg.

73 3688 189 3751 xmrr.
210 3694 248 3768 s,
269 3695 301 3755 2.
395 3673 398 3679 '
560 3687 561 3690 ‘

159 3804 357 3883 diverticulo)
385 3807 611 3870 Diverticulum
632 3806 839 3888 appellabatur
859 3807 966 3870 semita
986 3808 1173 3884 transversa,
1195 3821 1272 3887 quac
1294 3806 1359 3865 erat

74 3938 95 3981 a
114 3918 211 3983 latere
231 3921 301 3983 viae
322 3923 469 3987 militaris.
498 3942 530 3984 v.
553 3922 705 3988 liralrenlu.
735 3925 773 3985 ad
801 3923 869 3986 hir.
890 3922 1001 3987 XLIV.
1025 3927 1082 4001 42,
1105 3926 1134 3984 2.
1175 3919 1297 3982 Rulrulr.
1320 3919 1357 3981 ad

75 4035 204 4099 Terent.
232 4037 310 4102 Eun.
336 4036 393 4101 lV.
421 4043 458 4117 2,
482 4041 512 4099 i.
553 4037 657 4099 llabcs
685 4038 894 4103 diverticulum
921 4039 1008 4101 otiam
1036 4037 1106 4100 Art
1127 4039 1159 4098 i.
1181 4042 1211 4099 8.
1236 4041 1284 4098 ΙΙ.
1307 4032 1357 4103 ld·

77 4155 109 4213 ct
126 4149 182 4214 lac
199 4153 421 4230 significatione
437 4153 510 4215 illud
528 4154 679 4233 accipiunt
698 4155 848 4230 Poionus‚
871 4154 1075 4231 Forcellinus‚
1098 4169 1261 4232 omnesque
1277 4148 1358 4230 quod

78 4268 171 4329 seiam
205 4269 264 4329 viri
294 4270 387 4332 docti.
431 4268 577 4349 Congrua
606 4272 654 4331 est
683 4270 865 4348 significatio
895 4269 1072 4332 diverticuli
1096 4268 1226 4349 domimo
1259 4264 1358 4344 (apud

76 4382 216 4448 uuonan.
237 4385 311 4464 mg.
335 4385 447 4449 xnrv.
463 4369 507 4463 3,
526 4389 554 4448 τ.
578 4390 609 4450 u
630 4387 784 4468 naporum.
806 4387 879 4465 mg.
902 4385 982 4450 xm.
999 4390 1037 4464 a,
1060 4379 1117 4463 m)
1139 4384 1159 4444 r.
1176 4399 1205 4443 e.
1229 4379 1278 4443 uur
1299 4379 1359 4442 nu.
