2888 4710
74 197 149 277 154
493 197 935 279 ANNO'I'A'PIONES.

75 452 143 497 meu
169 452 189 496 a
213 438 297 497 recto
325 434 415 498 niueo
443 433 595 513 deflectit,
623 432 674 497 uui
693 426 746 497 ulti
767 450 838 515 pars
858 450 996 515 aquarum
1018 432 1087 495 eins
1106 428 1170 493 aiio
1192 428 1344 493 terreno.

76 548 187 612 Verum
209 551 345 612 omnibns
366 550 501 613 Frontiui
522 549 601 611 iocis
623 548 649 613 Ο
671 554 845 613 constanter
865 550 978 612 retinet
995 546 1245 625 madalona„
1260 564 1345 627 aeque

75 660 164 727 aliter
190 665 270 743 legit
297 665 400 728 Simon
422 664 586 726 &nardius
614 668 643 726 in
670 684 727 725 suo
757 663 836 727 Lex.
857 664 954 727 Jnrid.
983 682 1017 726 r.
1038 662 1110 725 deo.
1132 664 1192 723 taur
1213 658 1347 738 irruunt,

76 798 163 862 qum
182 780 324 845 mutum
346 752 552 861 et'i'apiniaui
573 781 662 843 noers.
704 775 932 843 novercatur
960 780 1013 841 em
1035 772 1346 852 invisissimus,

76 896 115 957 ad
144 896 226 977 quod
257 894 293 956 de
322 895 431 959 itinere
454 894 652 974 devertimus,
680 894 853 976 hospitium.
875 914 906 955 r.
928 886 1081 955 Drakenir.
1102 891 1125 957 i.
1142 910 1172 955 cr
1217 890 1281 955 Sed
1300 888 1347 951 iae

76 1008 298 1088 significatione
320 1011 408 1073 etiam
430 1010 640 1073 diverticulum
660 1011 697 1072 nii
719 1010 841 1089 optimis
856 1009 1057 1088 scriptoribus
1072 1010 1105 1071 et
1120 1008 1238 1089 optima
1252 1008 1346 1069 aucta-

77 1126 167 1188 ritate
188 1124 308 1187 dicitnr.
349 1126 414 1187 Jaru
435 1144 510 1188 sero
533 1124 707 1188 Seirnltuius
735 1122 813 1206 (111.
835 1121 873 1204 5)
899 1122 967 1200 iric,
988 1125 1057 1187 Art.
1074 1128 1091 1185 i
1110 1128 1145 1185 ct
1156 1127 1180 1185 ’8
1195 1121 1282 1201 iegit
1299 1120 1345 1183 le-

77 1240 275 1319 oertieuluur,
304 1245 408 1304 eontra
427 1241 498 1304 Art.
518 1245 552 1303 ii
571 1245 604 1304 et
622 1244 658 1304 ia
680 1240 906 1315 diuertieum
930 1243 963 1301 et
983 1238 1198 1303 diverticulum
1217 1255 1283 1299 euru
1301 1254 1346 1299 cr-

78 1356 153 1446 tcris
180 1356 257 1418 uiris
285 1356 384 1419 doctis
413 1356 520 1421 statuit
546 1375 617 1420 esso
655 1356 901 1435 „Seitenweg“,
938 1354 1119 1421 &verticuli
1145 1356 1246 1417 autem
1272 1352 1346 1413 alian

34 1543 37 1549 Ι
78 1470 170 1534 docet
194 1471 443 1549 significationem
464 1470 559 1535 irancc
587 1470 875 1549 „Wasserairieiteq
902 1470 1119 1547 Wassuriang,
1147 1464 1346 1545 Sammiurgs-

25 1644 28 1649 .
77 1586 212 1666 moion,
241 1586 463 1675 Queiigrairen,
490 1587 545 1649 der
571 1586 620 1648 die
642 1584 848 1675 Quciiwasser
873 1604 929 1647 sur
947 1585 1081 1663 Lciinng
1100 1583 1224 1647 tow
1266 1584 1346 1673 Qua·

73 1682 185 1771 'novam
214 1705 246 1766 et
267 1702 305 1763 nd
325 1701 404 1765 inune
426 1720 521 1785 usque
541 1702 620 1763 diem
640 1701 823 1779 incognitam
843 1700 1092 1780 significationem
1114 1700 1246 1763 maxima
1264 1716 1346 1777 suga-

79 1817 171 1880 ciiats
200 1820 232 1879 et
259 1816 414 1879 doctrinae
442 1818 531 1898 copia
557 1815 712 1898 exposuit.
752 1817 888 1894 Linguae
916 1816 1007 1896 iuges
1033 1834 1094 1879 nou
1122 1816 1266 1879 obeunte
1292 1832 1348 1877 narr

78 1932 320 2012 quemadmodum
350 1936 435 2009 recte
462 1933 574 1994 dicitnr
599 1932 758 1995 deumtuat
784 1950 838 1994 seu
869 1932 1064 1995 mutantur
1088 1949 1195 2015 uqsue
1221 1931 1293 1991 i.e.
1317 1926 1349 1991 ai

78 2045 179 2130 aliquo
201 2045 270 2109 loco
292 2047 323 2108 in
344 2046 443 2110 iocum
463 2052 679 2112 conuertuntur
699 2049 757 2120 (ci.
778 2066 855 2130 quae
874 2048 912 2109 dc
929 2046 1083 2110 dedum
1097 2044 1351 2109 animadvertimus

79 2162 119 2225 ad
139 2160 208 2224 Art
224 2158 281 2242 d)3
312 2164 355 2224 ita
383 2164 472 2226 etiam
499 2163 717 2226 deuerticulum
743 2163 804 2225 dici
830 2166 934 2244 potest
954 2162 1057 2243 iocus,
1083 2181 1143 2244 qno
1164 2174 1263 2245 aquae
1283 2178 1352 2223 eoa-

79 2278 252 2356 vertuntur,
279 2277 482 2357 coiiignntur,
511 2278 672 2343 coniuent.
714 2279 777 2341 Sed
805 2276 861 2341 iac
887 2296 1007 2361 quoque
1033 2276 1260 2356 significatione
1280 2274 1352 2339 sori-

79 2389 153 2453 here
179 2411 273 2472 posse
300 2383 441 2455 debemus
462 2394 688 2471 diemdeulum,
715 2396 829 2474 puriter
849 2397 938 2476 atquo
961 2394 1086 2455 eandem
1106 2410 1217 2454 uocem
1237 2392 1353 2455 notiore

79 2504 206 2587 hospitii
227 2510 316 2571 etiarn
337 2527 393 2589 per
420 2507 454 2573 di
478 2511 666 2591 pronuntiari
686 2510 774 2571 modo
796 2509 974 2570 andivimus.
1015 2505 1159 2569 Proiecto
1183 2512 1275 2589 optes
1295 2508 1353 2568 inre

80 2625 114 2685 ut
134 2640 177 2688 cx
196 2623 264 2704 ipso
285 2625 426 2689 Frontino
449 2625 639 2687 doctissimae
659 2624 811 2687 Seiruituii
833 2624 1032 2706 disquisitioni
1054 2624 1163 2687 clarior
1185 2622 1241 2685 iux
1264 2622 1355 2685 uinu-

80 2738 168 2801 daiur
193 2744 282 2822 atque
311 2740 392 2803 aiiud
419 2758 539 2822 quoqne
566 2742 751 2821 antiquitatis
778 2742 977 2803 testimouium
1004 2741 1170 2801 succurrat.
1213 2736 1355 2829 Quicquid

81 2871 189 2934 erues,
218 2856 328 2948 uirique
355 2856 565 2919 diomtieutum
591 2857 779 2919 scribendum
802 2874 871 2919 esse
893 2872 1018 2918 censeo.
1060 2854 1190 2915 Priorum
1211 2854 1292 2917 eninr
1311 2853 1356 2913 ia-

81 2968 147 3031 cies
173 2970 301 3031 omnium
323 2969 476 3050 incorum,
504 2968 612 3053 quibus
632 2970 803 3034 diverticuli
825 2972 935 3034 mentio
957 2970 1007 3049 su,
1036 2986 1094 3030 una
1115 2973 1164 3031 est
1186 2968 1355 3051 eademqne,

82 3088 116 3146 ut
135 3087 268 3159 statuere
287 3087 457 3167 possimus,
478 3087 669 3165 Frontinum,
690 3087 717 3148 si
740 3085 898 3149 discrimen
919 3087 951 3149 iu
972 3086 1068 3147 animo
1090 3082 1267 3165 ianinissct,
1291 3102 1356 3147 uer-

81 3198 130 3262 bis
146 3201 175 3263 id
192 3201 336 3265 disertius
353 3201 551 3267 distinxisse:
577 3202 709 3263 nimirum
727 3203 912 3264 deformatos
927 3216 997 3265 esse
1013 3199 1101 3263 iocos
1115 3200 1355 3281 interpolatione,

81 3317 162 3396 qnod
189 3316 365 3379 Seiruitsius
389 3316 532 3396 aiiinnnt,
560 3315 765 3396 probabilibus
787 3318 939 3400 certisque
959 3317 1144 3395 argumentis
1164 3315 1356 3379 demonstrari

82 3433 197 3513 nequit.
236 3431 312 3493 Turn
333 3434 511 3513 permutatio
535 3430 696 3493 litterarum
718 3437 820 3496 ceti
846 3433 989 3510 vulgatus
1009 3432 1195 3494 iiirruriornm
1217 3451 1284 3494 mos
1304 3434 1354 3508 est,

84 3551 116 3607 et
131 3545 160 3607 in
178 3546 244 3625 ipso
261 3546 352 3611 Cass.
370 3548 496 3611 obuiust
519 3569 549 3611 v.
556 3566 590 3627 g.
603 3567 658 3628 pro
672 3548 817 3628 diriguere,
835 3549 980 3625 directus,
997 3548 1163 3623 directum,
1180 3548 1211 3608 in
1222 3546 1284 3611 hoe
1294 3546 1353 3611 eod·

79 3646 149 3723 'lere
171 3661 280 3742 uirique
302 3660 417 3739 iegitur
437 3663 593 3744 clerique,
616 3663 773 3740 derectus,
795 3664 966 3727 detectura.
988 3684 1023 3741 v..
1040 3663 1077 3724 ud
1098 3663 1167 3725 Ara
1189 3666 1238 3727 i8.
1280 3660 1353 3725 Caco

83 3779 182 3839 antem
204 3776 326 3852 credas,
347 3776 480 3843 Frontini
501 3778 579 3841 iocis
600 3780 813 3843 diverticulum
834 3782 929 3859 ipsum
951 3796 1021 3841 esse
1043 3778 1182 3857 iimitem3
1206 3780 1294 3841 immo
1313 3776 1352 3843 dir

83 3892 247 3955 rectionem
274 3895 383 3953 tentum
411 3912 430 3953 a
455 3894 506 3955 uia
530 3894 650 3957 militari
677 3895 707 3957 in
735 3914 867 3975 canopum
892 3896 1059 3973 siguificat,
1088 3896 1156 3957 sive
1179 3895 1239 3957 itnr
1259 3893 1351 3967 limite,

82 4007 152 4075 siue
174 4024 353 4086 peregrum
376 4006 496 4072 coitum.
536 4010 679 4071 Nimirum
701 4012 726 4072 si
749 4013 817 4093 quis
838 4014 924 4072 uuio
944 4010 1062 4073 militari
1084 4010 1209 4074 divertit
1228 4028 1285 4074 sen
1305 4009 1351 4070 de-

84 4124 181 4187 flectit
206 4122 235 4183 in
263 4139 413 4201 caninum,
442 4124 512 4185 inus
537 4143 631 4207 aquae
658 4128 748 4188 avia
769 4126 887 4189 militari
911 4128 1001 4190 distet
1022 4131 1082 4189 iiio
1103 4143 1229 4206 passus:
1261 4129 1309 4205 ni,
1330 4122 1351 4183 si

85 4240 161 4303 dicis
188 4240 267 4314 „ani
286 4237 381 4299 einum
403 4236 627 4315 Seitenwege“
653 4259 707 4302 seu
736 4244 791 4319 „in
814 4243 898 4305 einer
919 4242 1213 4323 Seiienairireugnng
1234 4240 1352 4305 leidein-

82 4358 178 4419 utris
199 4352 374 4417 itum-rium
395 4371 457 4415 ron
479 4356 537 4415 tuo
556 4353 749 4438 Scirrittcn“,
771 4357 830 4421 iroc
851 4359 927 4421 idern
949 4361 1014 4427 sit.
1033 4376 1068 4419 ac
1090 4358 1117 4419 si
1140 4358 1226 4421 diens
1248 4354 1353 4437 simpli-
