2888 4710
78 188 178 272 xlv
355 188 366 236 ‘
573 188 896 269 PRAEFATIO.

78 424 194 501 tiones
225 450 247 499 a
272 424 416 500 Mermio
448 433 608 498 enotatas
642 425 832 498 contuleris
864 438 900 497 et
924 421 1146 521 disposueris
1177 421 1213 496 iu
1237 418 1367 520 dispo-

77 562 241 656 situsque
267 566 432 630 accurate
458 561 699 652 inquisit-eris.
734 557 850 653 Igitur
870 561 982 655 primo
1004 555 1083 630 Ioco
1109 578 1247 653 ponam.
1275 577 1367 650 quas

77 712 160 765 cum
203 687 388 765 codicibus
434 688 691 784 antiquioribus
737 700 773 763 et
816 688 1028 763 editionibus
1076 710 1216 784 quoque
1261 684 1369 760 babet

78 845 295 897 communes.
345 819 428 896 Λή
462 817 506 894 1:
558 825 800 918 instigent.
843 826 900 895 sic
933 817 1213 898 etiamCUJ
1251 818 1307 917 (i.
1333 842 1366 892 e.

77 952 226 1029 Iccundi
257 949 337 1050 ed.)
372 964 408 1025 et
440 963 570 1027 recent.
621 953 777 1029 Ibidem:
817 965 905 1028 tum
939 952 991 1027 ad
1023 976 1163 1027 usum.
1195 957 1253 1026 sic
1283 949 1367 1025 Iibri

76 1108 203 1167 omues
239 1095 380 1185 praeter
417 1082 463 1161 C.
501 1084 584 1161 Λή
621 1083 666 1161 5:
711 1085 929 1184 Iungitur
966 1090 1010 1160 ei
1047 1084 1101 1161 cd
1136 1084 1367 1160 AuIcnen

77 1226 294 1294 veterem.
331 1221 388 1290 sic
421 1222 526 1292 etiam
553 1218 642 1296 UJ
676 1228 711 1293 et
735 1243 807 1293 rec.
833 1217 989 1294 Ibidem:
1035 1215 1088 1293 ad
1114 1215 1365 1293 Gemellos.

77 1354 135 1426 sic
171 1353 275 1425 etiam
301 1348 390 1428 CV
416 1361 460 1423 et
500 1348 579 1424 edd.
616 1350 771 1427 Ibidem:
823 1349 1021 1429 Salinae
1058 1349 1364 1448 appellantur.

77 1491 152 1558 tres
185 1480 288 1558 codd
323 1492 359 1557 et
382 1483 419 1558 J.
445 1481 527 1559 Art
552 1479 622 1557 23:
675 1508 760 1558 nou
792 1484 992 1558 alienum
1025 1482 1132 1558 mihi
1166 1479 1365 1555 videtur.

77 1619 135 1691 sic
158 1615 240 1691 Ilbri
265 1637 389 1690 omnes
414 1622 555 1713 praeter
579 1612 625 1693 O.
651 1613 734 1691 Λή
760 1614 854 1693 10οε
881 1617 926 1692 Ρ.
952 1615 1140 1695 Fabius.
1178 1619 1234 1688 sin
1259 1618 1366 1688 etiam

77 1746 116 1827 U
140 1747 167 1822 J
192 1756 228 1822 et
252 1770 324 1822 rec
375 1747 472 1820 Inter
498 1745 670 1822 editiones
697 1771 786 1845 quas
811 1750 894 1824 novi
919 1760 955 1824 et
979 1729 1137 1824 codicem
1163 1745 1367 1821 Parisinum

76 1879 243 1955 convenit
275 1878 330 1952 bis
361 1879 462 1954 Iocis.
518 1877 601 1954 Λή
634 1877 679 1954 2:
719 1884 933 1978 quotiens
966 1880 1201 1981 imperitia
1232 1903 1365 1977 prae-

76 2011 231 2086 cessit
271 2011 375 2085 eius
416 2011 490 2085 cui
532 2011 811 2088 decernitur.
882 2014 1009 2092 Usus
1052 2036 1241 2110 quorum
1283 2019 1365 2085 etc.

75 2142 160 2220 Λή
191 2143 236 2218 d:
284 2141 330 2222 O.
364 2142 638 2220 Amarauus
695 2144 779 2221 Art
811 2143 856 2220 5:
895 2145 1050 2244 Appia
1082 2144 1136 2220 M.
1168 2142 1366 2219 ValerIn

75 2275 286 2372 Maximo,
321 2277 366 2352 P.
391 2275 538 2351 Decio
563 2276 755 2352 Murena
780 2275 886 2354 (Ios.
920 2302 1034 2352 anuo
1060 2277 1148 2353 XX
1180 2287 1287 2375 post
1310 2276 1366 2352 in.

76 2405 121 2484 S.
154 2406 267 2484 belli
300 2408 495 2484 inducta·
521 2419 601 2483 est
668 2408 825 2485 Ibidem:
865 2407 913 2488 0.
945 2410 1147 2485 Fabium.
1203 2407 1364 2484 Ibidem:

76 2549 288 2637 tanquam
320 2538 436 2615 idem
470 2540 664 2617 facturo.
715 2541 844 2618 Lectio
876 2540 1029 2620 Arte:
1070 2564 1241 2618 earum.
1280 2565 1366 2637 qun

75 2671 121 2748 id
145 2672 332 2747 afficiat
357 2697 520 2771 poena,
561 2669 667 2772 Iege
691 2710 742 2730 ν-
767 2675 986 2774 irrogata.
1020 2674 1216 2749 commqus
1240 2684 1366 2750 nosue

74 2804 192 2880 codici
216 2815 273 2880 est
298 2829 376 2878 cum
402 2805 436 2880 li*
462 2804 509 2904 (i.
536 2831 567 2881 e.
592 2806 820 2906 Florentiae)
855 2818 891 2882 et
913 2806 944 2882 Ι.
993 2806 1071 2881 Iam
1095 2830 1142 2880 cx
1166 2803 1222 2880 IrIs
1247 2806 1365 2904 ulique

76 2936 213 3012 codicis
253 2938 366 3011 nostri
405 2962 487 3012 cum
529 2936 737 3015 editionibus
781 2941 947 3038 cognatio
988 2941 1022 3014 iu
1053 2939 1170 3014 lucem
1204 2940 1363 3037 emergit.

77 3068 160 3150 Sed
190 3069 377 3145 videamus
409 3090 528 3170 parm.
578 3071 676 3147 Inter
710 3071 789 3146 cod.
814 3072 933 3147 Paris.
967 3072 1139 3169 solasque
1172 3069 1252 3145 edd
1276 3071 1303 3146 J
1329 3082 1366 3146 et

76 3227 150 3279 rec.
183 3203 348 3279 convenit
381 3200 436 3277 bis
468 3201 570 3278 Iocis.
635 3202 718 3281 Λή
750 3202 796 3280 2:
849 3228 976 3302 quam
1015 3227 1139 3301 quae.
1205 3202 1363 3280 Ibidem:

76 3336 345 3412 decernere.
376 3359 474 3410 uam
506 3335 614 3446 quid
636 3338 738 3412 virc
763 3347 850 3412 tam
875 3336 1140 3412 indecorum
1166 3347 1210 3411 et
1239 3335 1364 3412 intc-

75 3467 278 3544 Ierabilc
324 3491 462 3564 quam.
523 3468 679 3546 Ibidem:
731 3470 824 3544 etsi
861 3469 1167 3546 necessariae
1205 3480 1365 3569 partes

76 3610 204 3696 sunt,
250 3607 395 3675 tamen
434 3601 487 3678 ad
523 3602 830 3677 ministerium
867 3612 914 3676 ut
949 3626 1107 3677 manus
1145 3599 1366 3700 quaedam

77 3730 266 3832 agentis
304 3756 415 3809 esse
454 3733 633 3811 debent.
695 3732 850 3810 Ibidem:
896 3734 1249 3811 antecedentem
1287 3758 1364 3809 res

79 3874 182 3941 acta
228 3872 318 3962 est,
370 3864 414 3940 in
460 3865 545 3942 hoc
586 3893 698 3943 vero
738 3878 782 3945 et
816 3869 1177 3966 insequentium,
1228 3868 1364 3942 cuius

79 3998 323 4074 fortassis.
374 3996 457 4075 Λή
482 3996 528 4074 3:
555 4001 817 4098 perductae
842 4002 945 4076 siut.
995 4000 1151 4077 Ibidem:
1187 4011 1365 4098 aquato

80 4130 304 4208 milliario
330 4128 435 4205 duci
462 4133 747 4231 coepissent
797 4133 879 4208 Λή
904 4132 954 4209 5:
992 4131 1234 4208 abdicavit
1264 4157 1365 4209 sca

82 4263 308 4344 Censura.
358 4261 441 4339 Λή
465 4263 510 4339 d:
550 4263 626 4340 ubi
659 4267 821 4362 partim
856 4268 898 4339 iu
933 4254 1227 4341 Tiburtinum
1259 4264 1364 4346 dis-

79 4397 305 4473 tribuatur
336 4422 475 4475 nsum
523 4397 606 4483 Art
632 4396 701 4475 92:
743 4400 939 4498 conium,
979 4399 1061 4476 sed
1087 4401 1223 4476 etiam
1247 4423 1361 4497 gra-
