2888 4710
74 230 127 309 22

517 225 927 307 rnonrlnos

172 462 296 539 Iuliam
330 461 539 555 deduxerat,
581 460 768 558 Virginem
803 478 942 558 quoque
979 460 1015 533 in
1049 480 1139 559 agro
1166 456 1366 534 Lucullano

176 579 357 654 collectam
383 578 533 653 Romam
560 575 733 675 perduxit.
782 575 895 671 Dies,
932 598 1001 672 quo
1028 576 1177 673 primum
1201 576 1239 649 in
1266 574 1362 655 Urlc

172 692 405 791 responderit,
438 693 488 767 V.
521 692 608 767 llus
641 690 762 768 Iunias
797 691 981 765 invenitur.
1039 691 1157 788 Virgo
1189 688 1359 788 appellata

176 819 250 906 est,
279 808 373 906 quod
398 809 646 906 quaerentibus
672 832 798 904 aquam
823 806 988 882 militibus
1014 806 1130 904 puella
1154 804 1359 902 virguncula

175 949 287 1000 venas
327 924 497 1022 quasdam
534 925 759 997 monstravit:
800 946 889 1019 quas
929 922 1054 1018 secuti,
1089 920 1148 1019 qui
1182 919 1354 1019 foderant,

175 1040 354 1137 ingentem
378 1061 491 1135 aquae
516 1040 657 1113 modum
677 1042 894 1112 invenerunt.
931 1037 1110 1112 Aerlicula
1136 1036 1222 1110 sonti
1249 1060 1354 1135 appo-
1387 1122 1390 1133 Ι

174 1155 244 1228 sita
270 1154 359 1228 hanc
385 1155 556 1252 originem
580 1157 715 1253 picturi
742 1152 903 1228 ostendit.
955 1151 1164 1250 concipitur
1189 1176 1280 1250 ergo
1302 1149 1354 1225 ria

175 1269 348 1364 Collatia,
388 1269 433 1342 ad
456 1271 639 1344 milliarum
664 1270 777 1367 vill,
818 1269 1033 1368 palustribus
1058 1269 1159 1342 locis.
1209 1266 1355 1366 Signino

177 1386 413 1482 circumiecto,
444 1385 727 1462 continendarum
752 1386 1005 1482 scaturiginum
1030 1408 1152 1481 causa,
1180 1382 1356 1469 adiuvatur

177 1511 214 1575 et
245 1501 482 1600 compluribus
514 1502 591 1575 aliis
618 1500 917 1596 acquisitionibus.
967 1500 1078 1574 Venit
1107 1524 1173 1598 per
1203 1498 1354 1599 longitn·
1399 1578 1403 1587 ,

176 1616 291 1690 (linem
315 1641 487 1714 passuum
500 1595 621 1690 W.
650 1614 743 1693 GV:
773 1641 818 1690 ex
844 1640 888 1690 eo
914 1616 990 1690 rivo
1018 1617 1251 1690 subterraneo
1276 1638 1356 1714 pas-

177 1756 283 1804 suum
332 1718 689 1809 XffDCCCLXV
694 1758 704 1826 3
768 1756 877 1830 supra
937 1741 1067 1804 terram
1116 1756 1181 1830 per
1231 1752 1358 1831 passus

177 1844 386 1923 MCGXL:
414 1872 460 1922 ex
486 1873 529 1923 eo
543 1848 804 1923 substructione
829 1849 985 1921 rivorum
1009 1846 1099 1920 locis
1125 1846 1357 1947 compluribus

178 1985 350 2059 passuum
363 1962 495 2056 DXL3
523 1987 630 2061 opere
656 1974 799 2038 arcuato
813 1987 984 2062 passuum
998 1959 1130 2040 ocor
1157 1964 1358 2060 acquisitio-

179 2100 262 2152 num
295 2077 421 2152 ductus
454 2079 520 2153 rivi
551 2080 770 2155 subterranei
801 2078 953 2154 efficiunt
979 2102 1112 2178 passus
1124 2074 1358 2159 Mccccv.

85 2276 355 2298 Μ

233 2413 379 2490 oripinem
397 2410 537 2494 pictura)
566 2410 613 2474 lta
633 2409 659 2476 G
680 2409 719 2490 ὓς
751 2429 874 2494 quorum
895 2410 983 2472 fidem
1004 2429 1069 2472 curn
1090 2409 1159 2475 Pol.
1180 2410 1358 2493 sequence!

181 2524 252 2570 esse
274 2507 358 2588 duxi,
380 2511 522 2594 quidquid
542 2511 706 2574 reluctatur
726 2508 800 2573 Sclr.
820 2510 862 2573 V,
884 2513 913 2575 i.
934 2509 998 2573 Vl*
1010 2509 1055 2572 0:
1075 2513 1223 2590 virginem
1239 2515 1360 2595 pictas.

181 2606 201 2668 J
220 2608 253 2669 ct
272 2622 338 2671 rec:
359 2612 504 2688 virginem
522 2614 655 2692 pictura.

231 2706 410 2788 Corripitur
430 2704 520 2789 erpo]
552 2728 641 2789 erpo,
669 2711 703 2771 ut
722 2711 794 2788 post
813 2707 1027 2788 parenthesin,
1053 2707 1272 2772 redordieniae
1294 2726 1361 2773 ore-

182 2805 268 2869 tioni.
289 2806 428 2868 HElNll.
471 2807 545 2870 Sclr.
567 2809 695 2885 corrigit
717 2810 895 2892 Corripitur
926 2806 1030 2888 Virpc.
1071 2808 1167 2872 Bene.

229 2904 354 2984 Sipaino
378 2910 498 2972 orcum.
521 2910 596 2981 etc.)
620 2906 662 2970 O:
686 2909 891 2979 circumiecto,
912 2904 954 2968 U:
976 2910 1056 2986 aipni
1077 2907 1276 2971 circumletio.
1316 2906 1362 2971 Vi

181 3003 219 3068 Si
238 3007 332 3085 igitur
352 3007 554 3070 circumiecto.
579 3007 618 3069 l':
638 3004 694 3067 Sic
714 3010 807 3085 ipiinr
828 3007 1032 3070 circumlecta.
1061 3005 1159 3068 Totus
1169 3009 1266 3068 antem
1277 3005 1363 3069 locus

181 3103 287 3166 arPol.
308 3104 354 3166 sic
377 3104 558 3166 constitutus
580 3111 643 3169 est:
665 3107 765 3183 locis,·
785 3109 844 3186 rip.
866 3109 1068 3185 circumiecto,
1090 3111 1169 3168 coni.
1190 3124 1236 3169 ac.
1257 3125 1362 3187 cauce,

181 3202 367 3268 adiuvatur:
388 3210 420 3264 et
438 3222 504 3264 com
520 3205 662 3285 pluribus
681 3205 725 3269 ol.
746 3223 815 3289 aeq.
840 3209 924 3266 venit
944 3222 1003 3286 per
1030 3203 1112 3284 lonp.
1154 3203 1239 3266 Libri
1259 3204 1363 3268 edmo-

182 3303 249 3364 ‹lum
270 3303 398 3365 varient.
431 3299 475 3365 C:
497 3301 586 3367 locis.
605 3307 664 3386 sip.
686 3307 761 3365 circ.
783 3311 862 3368 cont.
883 3322 928 3365 ac.
950 3321 1055 3379 consu.
1082 3302 1258 3368 adiuvatur.
1281 3324 1364 3367 conr-

180 3400 320 3484 pluribus
342 3400 425 3473 (Pol.
446 3403 541 3465 refert
561 3410 592 3464 ei
611 3408 724 3483 comp.)
746 3402 790 3463 ul.
811 3397 1080 3487 acquisitionibus!
1102 3404 1187 3463 veuit
1202 3421 1263 3484 per
1283 3402 1364 3485 long.

180 3497 227 3561 ll:
249 3500 338 3565 lucia.
358 3505 417 3583 sip.
438 3536 479 3547 -
500 3521 606 3565 causo.
633 3501 808 3563 Adiuvabo
835 3521 875 3562 ea
902 3501 1012 3583 compl.
1038 3500 1082 3563 al.
1104 3520 1173 3584 aeq.
1200 3504 1289 3563 verrit
1307 3506 1364 3567 etc.

180 3597 228 3661 V:
250 3598 338 3661 locis.
379 3601 416 3663 Si
441 3605 533 3682 ipitur
552 3637 592 3647 -
614 3619 711 3662 occec
735 3599 842 3662 codici
871 3619 957 3663 cern.
1003 3601 1057 3663 Er
1084 3598 1194 3683 compl.
1222 3601 1266 3665 al.
1296 3620 1364 3687 aco.

181 3701 272 3762 canit.
314 3698 353 3767 F:
388 3698 477 3765 locta.
502 3700 558 3763 Sic
578 3736 618 3745 —
639 3718 734 3762 causa
754 3699 907 3762 adiunctis
927 3719 967 3761 ec
987 3718 1084 3781 comp.
1125 3700 1145 3761 J
1172 3703 1204 3762 et
1228 3713 1300 3763 rec:
1325 3732 1364 3745 -

181 3815 286 3861 causa.
306 3796 481 3860 Aiiacacca
500 3821 540 3862 ec
561 3800 671 3882 compl.
712 3798 805 3862 Alios
832 3798 938 3876 legere
957 3797 1122 3861 Adiunctis
1141 3817 1182 3861 cc
1201 3816 1303 3882 comp.
1322 3800 1363 3865 al.

181 3896 262 3957 locis
281 3914 350 3979 aeq.
372 3900 496 3959 annotat
517 3898 634 3981 Opsop.
656 3898 782 3963 correo.
804 3896 896 3974 legit:
937 3896 1064 3977 Sipnino
1086 3930 1126 3941 -
1154 3916 1278 3975 cauec5
1304 3898 1363 3961 ad-

181 3998 304 4056 iuvatur
328 4003 360 4058 et
387 3996 425 4068 (i.
448 4013 476 4060 e.
498 3999 601 4074 ctiam)
628 4016 726 4080 comp.
753 3998 796 4058 al.
818 4016 887 4079 cco.
912 3994 1000 4058 Venit
1017 4017 1051 4079 p.
1093 3995 1174 4059 Scir:
1194 4029 1238 4043 -
1257 4016 1365 4063 caua.

180 4092 307 4185 Militi
319 4093 359 4154 ab
379 4096 520 4174 Augusta
540 4106 571 4157 ei
590 4092 687 4178 comp.
709 4097 753 4159 al.
774 4116 843 4181 ocq.
864 4099 955 4159 uenit.
978 4095 1027 4160 Gi.
1048 4096 1179 4158 Annott.

231 4190 326 4266 ΧΗ.)
368 4193 441 4256 Jet
460 4207 529 4256 rec:
551 4194 607 4256 XI
623 4196 758 4259 millium.

227 4289 406 4366 MCGXL)
448 4292 479 4355 V
499 4292 539 4354 F:
564 4310 726 4373 paeonum,
754 4291 927 4359 MCCXL.
954 4312 993 4355 ec
1019 4311 1112 4374 opere
1136 4293 1234 4358 sobai.
1260 4294 1366 4381 Eque

177 4391 311 4455 lectione
332 4390 462 4457 libenter
481 4392 663 4475 recepissem
682 4412 842 4477 passuum,
866 4392 925 4455 nisi
939 4383 1035 4457 'etiarn
1056 4392 1188 4477 Artes-,14
1215 4394 1366 4461 dicoretur
