2888 4710
48 139 216 255 ''xvua
580 175 906 257 namacio

76 407 227 487 bominis
263 406 393 506 iudico,
439 418 501 497 aut
536 433 583 485 ex
620 407 689 484 aiio
726 408 806 485 cod.
841 419 904 487 aut
939 432 987 487 ex
1023 409 1268 486 vetustissima

77 552 217 640 sumpta
243 550 279 615 et
303 544 394 615 inter
416 538 606 640 legendum
630 543 835 618 Frontinum
860 550 1037 619 annobta.
1053 581 1106 597 -
1125 543 1249 621 Pluris
1273 570 1296 620 a
1342 522 1346 531 ¹

76 672 228 763 inania
262 681 354 770 sunt,
395 696 485 771 qnae
518 673 626 749 rubro
660 675 780 750 colore
812 676 901 751 inter
932 675 1043 750 lineas
1069 683 1287 774 annotantur,

76 831 223 882 numero
261 819 296 882 et
333 811 540 881 auctoritate
578 806 725 904 potiora.
787 804 882 884 Sunt
917 832 1005 883 vero
1044 805 1145 883 haec.
1193 808 1277 885 Art.
1314 806 1338 885 1

76 960 216 1015 nosse
252 936 369 1035 quoii
403 939 607 1036 suscepi.
644 947 683 1013 ut
716 939 831 1014 estin
856 940 1018 1015 omnibus
1042 939 1156 1015 libris.
1204 938 1340 1019 ,aas

74 1079 155 1145 aut
198 1070 347 1145 aliter.
393 1079 431 1144 ut
474 1080 530 1145 est
566 1071 601 1145 in
640 1069 741 1145 libris
779 1071 941 1147 omnibus
978 1082 1059 1148 ants
1093 1072 1140 1149 ,1.-
1194 1072 1279 1150 Ara
1314 1070 1368 1177 4.,

76 1199 414 1282 ΟΟΟΟΧΧΧΧΙ.
439 1212 478 1276 ut
503 1207 618 1278 estin
642 1202 742 1277 libris
769 1203 941 1278 omnbus.
990 1201 1132 1282 Artbr
1159 1201 1207 1285 0.
1224 1182 1368 1281 Plau-i

75 1336 196 1411 tium.
243 1345 278 1410 et
312 1333 397 1411 Art.
434 1331 501 1411 11:
554 1332 898 1434 perducendam.
938 1359 1029 1436 quae
1066 1337 1103 1413 in
1139 1336 1234 1413 nulio
1271 1326 1368 1413 librar

78 1476 259 1568 apparent
307 1467 392 1544 Has
418 1491 504 1543 esse
529 1491 648 1543 meras
674 1467 937 1544 emendationes
962 1468 1131 1565 affirmes,
1171 1454 1368 1553 sconico·¹

74 1611 154 1685 tura
189 1600 366 1700 ingeniosi
403 1599 599 1698 cuiuspiam
635 1600 702 1675 viri
738 1600 829 1677 inter
865 1599 1055 1700 legendum
1093 1601 1218 1678 [arms.
1274 1601 1368 1678 Nora

74 1732 295 1831 repugnabo.
343 1730 400 1809 At
435 1756 522 1807 vero
562 1734 734 1808 correctio
771 1733 1001 1809 fortassis
1037 1732 1121 1811 Art
1145 1732 1183 1833 2,
1229 1743 1269 1809 ut
1305 1748 1368 1813 esi

75 1871 182 1947 etiam
205 1864 242 1939 iu
267 1861 301 1943 0
328 1863 375 1961 U,
412 1888 476 1962 pro
511 1864 732 1964 fortasse,
762 1890 833 1941 non
857 1877 977 1966 potest
1000 1865 1121 1942 baberi
1145 1890 1210 1965 pro
1235 1889 1368 1948 eruen-

74 1996 215 2073 riatione
253 1996 394 2073 fortuito
430 1996 535 2094 iacta
582 1997 687 2072 namo
725 2009 871 2098 accepta
909 1997 1015 2074 debet
1052 1997 1172 2075 baberi
1209 2022 1256 2075 ex
1294 1999 1368 2074 aiiu

74 2131 178 2207 libro.
226 2129 328 2207 luem
352 2128 445 2205 cadit
468 2130 504 2205 in
530 2128 629 2225 baec,
669 2154 760 2228 quae
790 2133 825 2206 in
859 2131 939 2207 aliis
964 2130 1065 2209 libris
1090 2132 1223 2207 frustra
1247 2155 1368 2230 quae-

75 2287 159 2351 ras,
181 2260 265 2341 Art.
288 2260 334 2338 22
361 2262 523 2338 veluti.
571 2261 655 2339 Art.
693 2261 1054 2362 lbz‘exiguntur,
1080 2289 1145 2364 pro
1171 2265 1368 2342 coniun-

72 2404 262 2497 guntur,
302 2393 347 2471 de
380 2419 450 2493 quo
484 2395 782 2494 supradiximus.
830 2395 915 2473 Art.
939 2395 983 2473 7:
1023 2396 1368 2473 statuminesis-

75 2531 227 2628 ginno,
261 2529 392 2626 scripta
416 2527 528 2610 verba
551 2551 662 2627 super
685 2529 839 2603 statim
863 2531 1096 2628 stagnino.
1144 2526 1256 2608 Adde
1278 2528 1368 2606 Art-

72 2659 138 2761 19,
177 2661 239 2739 ubi
270 2661 382 2736 verba
414 2661 535 2736 intra
567 2661 723 2737 urbem
756 2672 920 2737 euntes
960 2662 1075 2761 (quae
1100 2661 1304 2737 servantV
1329 2668 1368 2737 et

78 2794 181 2893 edd.)
216 2795 321 2867 minio
349 2792 508 2868 delentur
534 2805 568 2869 et
592 2818 701 2893 supra
727 2796 891 2870 scribitur
932 2795 1100 2891 ,deest“:
1142 2818 1222 2870 curn
1247 2794 1368 2871 vesti·

77 2929 139 3028 gia
162 2926 289 3003 saltem
313 2926 501 3001 verborum
526 2928 646 3002 intra
672 2937 837 3002 euntes
863 2928 898 3001 in
923 2925 958 3007 Ο
985 2928 1021 3006 U
1047 2938 1257 3027 appareant,
1298 2951 1368 3002 re-

76 3062 247 3161 spexisse
280 3060 324 3158 is,
359 3063 418 3159 qui
451 3058 519 3135 boc
551 3066 741 3157 annotavit,
780 3059 825 3135 ad
857 3060 1072 3159 incognitum
1103 3060 1207 3136 uobis
1239 3059 1368 3135 librum

77 3195 228 3271 videtur.

175 3327 368 3404 Postremo
406 3325 450 3401 de
488 3325 610 3401 formis
646 3325 900 3400 venustioribus
940 3325 1046 3424 (Art
1084 3323 1121 3400 2.
1145 3324 1181 3401 8.
1205 3324 1241 3400 8.
1268 3323 1368 3401 100:

80 3485 240 3560 quana⁸
269 3459 353 3535 Ara
377 3458 422 3535 3:
451 3457 682 3557 quoique)
708 3458 762 3532 sic
788 3452 919 3533 iudico.¹
966 3457 1011 3538 si
1037 3459 1151 3535 allatis
1176 3458 1267 3535 locis
1289 3458 1368 3534 ior·

79 3618 158 3670 mas
180 3580 397 3683 bibistiores
423 3591 645 3688 admittimus,
685 3592 847 3688 quoniam
870 3592 1078 3669 Frontinum
1104 3617 1148 3667 ea
1172 3593 1207 3666 in
1231 3616 1272 3667 re
1296 3584 1368 3667 sibi

80 3699 284 3803 constitisse
296 3725 490 3803 verisimile
502 3735 569 3822 est,
592 3723 762 3801 debemus
776 3724 989 3820 etiamaliis3
1016 3736 1052 3800 et
1072 3723 1283 3824 corrigendo
1296 3742 1368 3803 nou

81 3861 148 3937 erit
178 3857 270 3935 finis.
321 3857 425 3933 'l'aiia
456 3860 491 3932 in
526 3856 631 3935 codd.
666 3856 855 3938 Ciceronis
881 3856 1125 3955 Caesarisque
1157 3869 1368 3945 occanum?

80 3991 371 4070 attanennernini
384 3991 582 4066 inurentem
597 3993 726 4088 vernet,
747 4014 791 4068 ea
816 3992 1048 4092 scriptoribus
1072 3990 1163 4090 ipsis
1176 3989 1368 4067 vindicare·

80 4128 193 4205 lrnrno
219 4148 300 4201 curn
309 4123 504 4201 Frontinus
530 4124 634 4199 etiarn
658 4127 693 4200 in
717 4127 847 4203 ceteris
872 4126 1015 4225 scriptis
1042 4126 1120 4201 suis
1147 4124 1191 4199 ab
1216 4122 1272 4197 bis
1287 4123 1368 4198 ior·

81 4262 150 4339 aris
174 4258 366 4356 abstineat,
405 4257 587 4351 easinani
611 4259 830 4335 librariorum
856 4259 1041 4334 vetustatis
1067 4257 1274 4334 affectationi
1300 4260 1368 4332 trit

80 4393 242 4471 buerrdas
268 4417 355 4472 essa
381 4416 534 4489 censeo;
574 4416 664 4494 quae
697 4392 871 4470 sententia
895 4392 1093 4477 confirmari
1118 4391 1256 4480 videtur
1281 4392 1368 4472 Art
