2888 4710
553 211 878 294 samsucio.
1273 212 1374 293 xlx

82 441 122 541 d,
159 443 220 520 ubi
245 454 329 543 post
352 445 534 543 cuique,
574 446 697 545 procul
722 444 830 524 dubio
855 446 986 522 librarii
1018 470 1141 542 manu,
1181 447 1375 522 inculcatur

48 636 50 675 :
85 579 298 676 quoique.
349 577 449 652 Idem
474 576 590 653 iudico
615 577 661 654 de
686 578 821 675 formis,
847 603 937 677 quas
964 581 999 655 io
1025 580 1103 654 aliis
1128 578 1239 677 libris,
1265 604 1376 679 prae-

64 711 212 785 ·sertim
236 709 293 806 Ο,
321 709 553 810 deprehendi,
578 737 614 786 v.
640 735 677 811 g.
702 711 785 788 Art
808 709 879 787 24:
906 711 1131 809 decumis,
1165 709 1375 788 undecu-

86 844 183 918 mis.
242 842 326 918 Art
360 841 455 918 112:
507 868 768 942 proxumae.
824 844 907 921 Art
946 842 1039 920 128:
1092 844 1375 919 vendundae.

63 974 170 1051 Λή
195 973 273 1051 105
296 985 332 1051 et
356 973 451 1052 130:
490 976 805 1076 neglegentia.
854 976 910 1052 At
945 978 980 1051 in
1005 976 1164 1056 Senatus
1202 976 1376 1052 consultis

84 1118 203 1183 umen
227 1108 287 1183 illa
311 1133 398 1184 esse
422 1108 624 1208 recipienda
648 1108 920 1184 existimaveris.
970 1109 1094 1206 lmmo,
1133 1110 1167 1183 si
1191 1108 1275 1185 Are
1301 1107 1378 1185 10⁰

48 1200 220 1343 blormas
253 1239 365 1337 ieis,
405 1240 484 1339 iei,
524 1265 653 1340 quom
678 1239 885 1317 admisisset
907 1244 1117 1337 Frontinus,
1159 1243 1262 1316 etiam
1296 1242 1376 1315 aliis

48 1392 71 1505 τ
86 1372 259 1448 eiusmodi
284 1367 407 1472 procul
432 1372 538 1449 dubio
564 1398 655 1448 usus
681 1373 832 1471 luisset,
866 1383 903 1448 et
935 1373 1074 1472 quidem
1093 1374 1377 1448 constanterlo·

48 1507 139 1601 sicis
165 1506 338 1581 omnibus.
389 1504 470 1580 Has
495 1515 614 1582 autem
637 1507 770 1582 lomnes
795 1531 876 1582 cum
902 1506 1039 1602 damno,
1073 1530 1144 1581 non
1169 1505 1295 1580 damno
1319 1504 1377 1579 di·

48 1638 190 1712 licendi
216 1662 370 1736 genera,
411 1638 529 1736 qualia
566 1640 707 1715 suntin
731 1640 838 1738 Lege
862 1639 945 1716 Art.
971 1637 1065 1715 12⁹:
1092 1640 1248 1714 celere
1286 1639 1375 1736 (pro

48 1768 361 1866 ³l⁶celeriter),
401 1770 559 1867 molio,
594 1768 815 1869 demolio,
850 1773 1066 1871 pignoris
1094 1771 1246 1870 capio,
1286 1771 1376 1843 sir-

48 1926 222 2002 i-emps.
248 1904 283 1977 iu
311 1926 400 2001 quas
426 1903 546 2002 plures
571 1901 650 1979 libri
675 1905 907 1979 consentiunt
946 1900 1157 2001 Quanquam
1181 1903 1260 1977 aliis
1285 1903 1377 1977 locis

48 2033 189 2112 lectiam
214 2034 413 2111 huiusmodi
437 2035 575 2111 dicerrdi
599 2060 733 2135 genera
758 2034 930 2112 damnem.
953 2073 1006 2092 ·-
1042 2035 1299 2135 Progredietur
1330 2034 1378 2111 ad

48 2169 266 2245 eedttones

48 2322 84 2370 r·-
183 2300 245 2377 lix
279 2299 489 2377 bibliotheca
523 2300 777 2380 Universitatis
803 2298 988 2401 Georgius
1013 2300 1208 2400 Augustae
1238 2298 1376 2380 Schul-

51 2429 182 2509 nnius
214 2459 271 2510 an.
306 2432 404 2510 1831
437 2436 585 2509 missum
618 2436 759 2533 accepit
789 2434 928 2532 librum,
967 2435 1025 2508 cui
1058 2432 1115 2508 bic
1146 2443 1223 2508 erat
1244 2431 1378 2509 titulus.

72 2564 184 2642 'lloc
219 2568 262 2641 in
295 2567 528 2642 volumine
561 2565 671 2643 baec
705 2591 844 2666 opera
870 2569 1182 2642 continentur:
1220 2566 1268 2642 L.
1293 2565 1377 2642 Vi·

89 2701 230 2773 truvil
275 2699 518 2774 Pollionis
572 2697 625 2774 de
671 2698 1009 2775 Architectura
1054 2699 1164 2774 libri
1210 2696 1377 2775 decem.

60 2828 222 2943 '‘Sexti
276 2832 398 2907 Julii
449 2833 663 2906 Frontini
716 2831 770 2906 de
814 2830 1207 2928 Aquaeductibus
1258 2831 1379 2907 liber

49 2964 215 3087 rel-unus.
266 2964 445 3064 Augeli
477 2963 715 3039 Policiani
749 2963 1036 3063 opusculum,
1078 2963 1197 3061 quod
1229 2964 1377 3039 Pene-

48 3099 313 3194 maistemon
348 3096 643 3173 inscribitur.
692 3097 866 3196 Augeli
891 3097 1127 3173 Policiani
1151 3098 1196 3171 in
1221 3097 1378 3195 priore

91 3231 325 3331 analytica
364 3229 639 3330 praelectio.
679 3231 752 3305 cui
789 3231 958 3305 titulus
996 3241 1071 3306 est
1106 3230 1275 3306 hamis
1312 3227 1379 3305 Ad

48 3357 80 3432 u·
91 3363 219 3436 nucem
229 3362 369 3437 demum
381 3364 537 3438 Vitruvii
550 3363 718 3439 librorum
726 3364 981 3439 subscribitur:
1006 3363 1283 3439 Florentiae
1301 3361 1377 3437 im·

48 3518 57 3564 t
113 3519 287 3570 ressum
313 3520 421 3571 anno
447 3522 469 3571 a
494 3497 630 3572 natali
662 3495 906 3572 christiano
931 3492 1377 3574 Moccchxxxxvl.

48 3626 62 3694 ι’
219 3653 307 3704 vero
347 3653 416 3704 non
453 3631 614 3728 sequitur
651 3630 774 3706 liber
811 3629 1041 3725 Frontini,
1094 3628 1163 3704 sed
1200 3627 1377 3728 Augeli

48 3786 54 3830 l
127 3762 325 3836 oliciani
350 3761 622 3862 praelectio,
650 3763 753 3837 cuius
779 3761 1117 3838 finisubscribitur:
1157 3761 1376 3839 Venetiis

48 3904 75 3964 nt
113 3918 199 3968 nno
233 3895 422 3970 anatali
447 3894 688 3969 christiano
724 3891 1163 3972 Moccchxxxxv.
1211 3893 1376 3973 Idibus

91 4020 379 4102 Novembris.
429 4028 573 4104 Deinde
597 4028 757 4126 sequitur
780 4027 959 4127 Angeli
982 4028 1219 4104 Policiani
1243 4051 1375 4126 prae·

48 4182 72 4231 u
91 4155 231 4234 lectio
257 4159 301 4233 in
326 4161 482 4260 priora
505 4160 787 4237 Aristotelis
820 4163 1070 4263 analytica,
1111 4161 1185 4237 cui
1209 4159 1375 4237 titulus

48 4290 257 4367 rirlaamia.
296 4295 374 4368 siue
412 4296 492 4371 loco
531 4305 566 4370 et
602 4318 704 4370 anno.
754 4293 862 4369 Hunc
897 4294 1047 4392 denique
1071 4294 1198 4371 librum
1222 4290 1373 4390 excipite

48 4423 229 4503 ttSexti
273 4428 395 4504 Julii
430 4429 646 4505 Frontini
690 4427 780 4503 viri
828 4426 1101 4503 consularis
1144 4424 1204 4501 de
1245 4424 1392 4518 sumis
