2888 4710
495 106 939 188 ANNO'PA'I'IONES.
1286 109 1362 185 tat

72 345 112 403 uit
139 341 432 424 cremandosque,
463 345 551 406 etlam
579 362 634 423 pro
661 345 764 406 natura
789 343 972 406 modulorum
999 344 1076 404 sumi
1097 345 1211 424 potest.
1253 343 1361 427 Neque

73 459 197 520 latinior
218 476 315 539 neque
336 458 457 519 facilior
478 459 633 537 explicatu
654 477 721 520 vox
741 463 918 542 sequentiae
938 461 1006 521 visa
1021 461 1081 520 est.
1123 455 1213 521 Pon.
1254 458 1364 522 dialti-

35 590 40 605 ·
73 573 200 652 plicatio
228 575 271 634 ita
298 571 389 634 dehet
417 574 500 650 lieri,
528 578 562 636 ut
588 576 662 636 ordo
683 571 722 654 :aa
749 577 854 637 natura
873 573 1077 652 modulorum,
1105 574 1157 656 qui
1177 573 1365 651 augebantur

74 690 249 750 adiectione
287 686 337 749 vel
369 687 616 768 multiplicatione
648 690 862 771 palmariarum,
899 690 1048 752 servatur.
1089 687 1243 752 Annuit
1284 687 1365 750 Illud

74 803 214 883 reputem
235 807 412 885 sequentiae
432 823 508 865 eune
528 824 672 884 seruere,
696 804 775 886 quod
798 804 913 866 rectius
931 803 1052 882 iudico,
1079 804 1192 882 pariter
1212 807 1301 886 atque
1323 803 1365 864 il-

73 918 126 979 lud
148 919 217 981 Art.
229 923 288 980 23:
308 924 532 1002 propositaque
547 921 671 999 reputa,
693 919 737 980 ad
758 938 847 1002 paam
867 923 950 980 ratio
971 937 1072 982 eorum
1091 926 1126 980 et
1143 923 1258 982 initium
1279 931 1366 980 com'-

73 1042 219 1114 putatur,
241 1036 373 1114 pertinet
395 1035 431 1095 ad
454 1035 640 1114 computandi
663 1035 806 1097 rationem
828 1032 1028 1095 Rornanorum
1051 1052 1116 1096 cum
1136 1033 1242 1097 abaco
1274 1033 1365 1100 SCH.

695 1241 746 1296 36.

158 1381 202 1442 ad
224 1382 307 1443 latua
327 1415 367 1426 ·-
390 1387 496 1453 conv.)
520 1385 540 1443 i.
559 1401 587 1444 e.
611 1382 726 1444 orificio
749 1383 779 1443 in
797 1381 875 1444 lalus
891 1382 961 1443 sive
978 1383 1114 1444 dextrum
1131 1383 1200 1442 slve
1216 1381 1367 1444 sinistrum

77 1497 244 1573 torinnam,
273 1505 306 1557 ut
328 1515 425 1577 neque
447 1498 606 1558 adversam
628 1499 725 1559 rivum
746 1496 864 1559 hauriat
884 1516 982 1580 neque
1005 1498 1137 1559 secundo
1160 1496 1226 1558 rlvo
1248 1498 1366 1575 vergat,

75 1615 108 1673 el
129 1631 205 1692 capua
226 1611 277 1673 vel
298 1612 491 1691 praeterfluat
513 1611 563 1673 vel
586 1631 626 1674 ex
648 1616 733 1692 parte
755 1616 867 1675 mutum
888 1611 1050 1675 inauriatur.

160 1731 303 1808 supinus)
331 1726 517 1807 proclinatas
539 1730 572 1789 et
591 1729 791 1806 procumbens
812 1731 975 1791 secundam
997 1730 1127 1789 naturam
1149 1728 1218 1788 rivi.
1351 1744 1355 1753 ’

160 1843 195 1904 tt
222 1851 270 1904 eet
293 1875 335 1885 —-
359 1845 511 1924 pronior)
547 1845 689 1923 pronior,
718 1862 803 1926 quam
832 1850 865 1907 ut
892 1843 1011 1905 haurire
1035 1843 1155 1922 possit,
1185 1842 1252 1907 ie.
1273 1843 1367 1904 minus

78 1959 224 2035 idoneus,
251 1957 302 2040 qul
323 1955 451 2019 hauriat.
1049 2038 1055 2050 x
1346 1963 1349 1967 '

161 2076 310 2153 aequiter)
339 2073 479 2151 cupidine
501 2073 632 2152 minore,
654 2076 815 2152 praeterea
834 2074 916 2156 quod
936 2092 1012 2156 aqua
1033 2073 1073 2134 ob
1095 2073 1201 2136 calicis
1221 2073 1369 2137 directim

79 2207 145 2249 nem
174 2188 278 2266 potius
302 2187 516 2266 praeterfluere
538 2191 569 2250 et
590 2189 775 2269 superfluere
801 2191 941 2265 conatur,
969 2190 1099 2271 ideoque
1121 2190 1237 2268 exigua
1257 2192 1367 2251 tantum

79 2306 147 2364 eius
172 2320 243 2382 pars
271 2301 424 2382 hauritur3
452 2322 540 2384 quum
568 2307 673 2365 contm
699 2303 781 2366 calix
803 2306 872 2366 rivo
895 2305 1054 2384 oppositus
1077 2305 1186 2383 capide
1206 2302 1367 2386 rapideque

80 2419 176 2479 hiant.
631 2462 634 2469 »

93 2517 104 2539 ’
162 2532 313 2605 induitur)
345 2535 522 2612 imponitur,
544 2535 665 2597 inditur.
708 2535 847 2599 Halala

162 2648 274 2720 mmet)
309 2647 359 2712 ct.
383 2648 450 2712 Art.
469 2654 540 2712 105.
584 2648 699 2713 Laudat
719 2650 881 2713 Porcellin.
903 2650 932 2711 in
953 2671 987 2713 v.

164 2767 322 2845 quoniam,
352 2770 454 2844 ripere
474 2767 559 2827 aerio
579 2765 759 2847 difficiliore
779 2766 824 2827 ad
840 2765 967 2846 lienum,
994 2785 1054 2828 uon
1073 2769 1173 2828 timeri
1191 2770 1297 2847 poteot
1316 2763 1368 2827 ltu

79 2885 154 2941 uari
175 2879 225 2941 cel
246 2883 403 2940 coarctari
421 2881 573 2961 formulae
593 2881 806 2953 modulorum.)
836 2880 883 2943 lta
903 2881 933 2941 ln
957 2881 1094 2942 ominibus
1117 2881 1288 2958 codicibus,
1311 2880 1369 2941 nisi

80 2997 162 3078 quod
186 2995 300 3072 legitur
321 2997 406 3075 ripor
426 3000 512 3059 uerie
533 2996 705 3078 difficilior.
747 2997 766 3058 J
787 3011 882 3058 vero:
911 3001 1051 3079 puoaiam
1071 2999 1157 3076 ripor
1176 3000 1260 3058 cerie
1281 2995 1369 3075 difli-

84 3111 179 3172 eilior
206 3111 250 3171 ad
268 3112 377 3192 kaurn
396 3129 457 3172 aon
477 3121 588 3174 temere
605 3121 709 3195 potest
730 3112 835 3174 laxari
855 3113 908 3174 vel
928 3116 1093 3176 coarctari.
1137 3111 1283 3174 Fornulu
1302 3129 1369 3172 mo-

83 3228 222 3289 dulorum
243 3233 303 3288 etc.
341 3225 406 3287 liae
428 3231 524 3289 emen
545 3228 677 3290 locandi
697 3226 826 3289 lectione
849 3227 959 3290 collata
980 3247 1045 3289 cum
1068 3227 1201 3288 codicum
1223 3224 1368 3304 lectione,

83 3344 206 3403 mutatio
229 3341 280 3403 illa
301 3342 387 3403 verbi
408 3345 509 3405 timeri
530 3344 559 3404 in
575 3343 748 3405 adverbium
765 3353 891 3420 tenere,
912 3342 990 3424 quod
1008 3342 1195 3420 significaret
1217 3341 1369 3418 „fortuito

82 3462 136 3518 aut
156 3456 368 3535 inconsulte“‚
398 3457 476 3519 haud
498 3460 649 3521 satisfecit
669 3456 762 3524 milri:
791 3477 913 3540 nauaque
935 3457 1118 3519 modulorum
1141 3430 1253 3518 culices
1273 3454 1370 3516 laxari

84 3573 135 3633 vel
154 3575 300 3634 coarctari
316 3576 456 3653 poterant
472 3574 559 3635 etiam
575 3573 789 3637 fraudulenter.
820 3574 982 3636 Praeterea
998 3572 1085 3634 vocis
1101 3572 1248 3635 Formulu
1268 3573 1370 3631 trans-

83 3688 157 3749 latio
180 3706 198 3748 a
218 3707 340 3750 numero
361 3687 486 3768 plurium
511 3686 781 3769 (sormulusJenim
799 3689 891 3750 estin
909 3689 1017 3763 codd.)
1039 3687 1077 3758 ad
1098 3687 1299 3766 singularem,
1322 3690 1371 3748 at-

84 3823 145 3886 que
167 3804 322 3866 distractio
345 3804 488 3865 avcrbis
509 3805 616 3865 lunari
631 3813 662 3865 et
678 3808 850 3880 coarctari,
872 3805 958 3864 immo
981 3821 999 3863 a
1019 3806 1083 3866 tola
1104 3804 1255 3864 sententia
1276 3820 1371 3880 supe-

84 3919 184 3996 riore,
214 3936 274 3980 non
295 3919 420 3999 placuit.
460 3919 505 3982 At
526 3921 552 3980 si
575 3919 650 3983 haec
671 3920 767 3980 minus
787 3917 963 3998 placebant,
992 3938 1053 3981 nou
1074 3921 1171 3981 tamen
1191 3917 1284 3979 lectio
1306 3914 1370 3995 illa,

86 4037 120 4095 ul
137 4039 217 4114 erat,
239 4035 373 4097 codicum
392 4035 507 4097 admitti
528 4038 659 4115 poterat.
693 4035 890 4122 Quaruolorem
913 4036 1070 4096 verborum
1091 4038 1177 4113 ripor
1197 4034 1281 4094 aeria
1302 4029 1371 4110 dif-

82 4149 199 4230 lioitior
221 4150 416 4212 desinentiam
437 4151 577 4230 supplevi
598 4151 717 4231 fecique
739 4153 842 4232 ripere
857 4154 940 4213 aerio
957 4151 1150 4231 difficiliore,
1173 4149 1206 4210 ut
1222 4144 1373 4209 ablativus

88 4284 213 4329 canossae
234 4266 404 4329 habetatur.
449 4265 537 4330 Ptin.
580 4265 686 4345 Lego:
708 4265 915 4347 decapitatur
935 4265 1057 4329 videtur
1076 4258 1188 4357 [calix]
1214 4259 1372 4344 (quonium
