<?xml version="1.0" encoding="UTF-8"?>
<!DOCTYPE html PUBLIC "-//W3C//DTD XHTML 1.0 Transitional//EN"
    "http://www.w3.org/TR/xhtml1/DTD/xhtml1-transitional.dtd">
<html xmlns="http://www.w3.org/1999/xhtml" xml:lang="en" lang="en">
 <head>
  <title>
</title>
<meta http-equiv="Content-Type" content="text/html;charset=utf-8" />
  <meta name='ocr-system' content='tesseract 3.04.00' />
  <meta name='ocr-capabilities' content='ocr_page ocr_carea ocr_par ocr_line ocrx_word'/>
</head>
<body>
  <div class='ocr_page' id='page_1' title='image "./sexjuliifrontin00dedegoog_0064.png"; bbox 0 0 2888 4710; ppageno 0'>
   <div class='ocr_carea' id='block_1_1' title="bbox 413 182 998 280">
    <p class='ocr_par' dir='ltr' id='par_1_1' title="bbox 413 182 998 280">
     <span class='ocr_line' id='line_1_1' title="bbox 413 182 998 280; baseline 0.003 -17"><span class='ocrx_word' id='word_1_1' title='bbox 413 184 486 264; x_wconf 77' lang='lat' dir='ltr'>DE</span> <span class='ocrx_word' id='word_1_2' title='bbox 511 182 702 280; x_wconf 74' lang='lat' dir='ltr'><strong>AQUAE</strong></span> <span class='ocrx_word' id='word_1_3' title='bbox 727 183 998 267; x_wconf 80' lang='lat' dir='ltr'>oooumos</span> 
     </span>
    </p>
   </div>
   <div class='ocr_carea' id='block_1_2' title="bbox 56 417 1256 1909">
    <p class='ocr_par' dir='ltr' id='par_1_2' title="bbox 56 417 1256 1909">
     <span class='ocr_line' id='line_1_2' title="bbox 56 417 1245 519; baseline -0.005 -20"><span class='ocrx_word' id='word_1_4' title='bbox 56 419 186 518; x_wconf 65' lang='lat' dir='ltr'>coss.</span> <span class='ocrx_word' id='word_1_5' title='bbox 215 435 295 496; x_wconf 86' lang='lat' dir='ltr'>oum</span> <span class='ocrx_word' id='word_1_6' title='bbox 313 419 460 519; x_wconf 84' lang='lat' dir='ltr'>Appiae</span> <span class='ocrx_word' id='word_1_7' title='bbox 471 419 696 518; x_wconf 89' lang='lat' dir='ltr'>Anionisque</span> <span class='ocrx_word' id='word_1_8' title='bbox 718 417 856 516; x_wconf 81' lang='lat' dir='ltr'>ductus,</span> <span class='ocrx_word' id='word_1_9' title='bbox 882 427 1060 493; x_wconf 84' lang='lat' dir='ltr'>vetustate</span> <span class='ocrx_word' id='word_1_10' title='bbox 1074 418 1245 517; x_wconf 80' lang='lat' dir='ltr'>quassati,</span> 
     </span>
     <span class='ocr_line' id='line_1_3' title="bbox 56 535 1249 637; baseline -0.001 -26"><span class='ocrx_word' id='word_1_11' title='bbox 56 539 279 637; x_wconf 80' lang='lat' dir='ltr'>privatorum</span> <span class='ocrx_word' id='word_1_12' title='bbox 304 537 408 611; x_wconf 86' lang='lat' dir='ltr'>etiarn</span> <span class='ocrx_word' id='word_1_13' title='bbox 433 536 615 613; x_wconf 80' lang='lat' dir='ltr'>fraudibus</span> <span class='ocrx_word' id='word_1_14' title='bbox 645 537 944 635; x_wconf 81' lang='lat' dir='ltr'>interciperentur,</span> <span class='ocrx_word' id='word_1_15' title='bbox 983 535 1102 610; x_wconf 84' lang='lat' dir='ltr'>datum</span> <span class='ocrx_word' id='word_1_16' title='bbox 1136 545 1193 609; x_wconf 86' lang='lat' dir='ltr'>est</span> <span class='ocrx_word' id='word_1_17' title='bbox 1224 560 1249 610; x_wconf 88' lang='lat' dir='ltr'>a</span> 
     </span>
     <span class='ocr_line' id='line_1_4' title="bbox 56 651 1250 750; baseline -0.006 -19"><span class='ocrx_word' id='word_1_18' title='bbox 56 652 203 731; x_wconf 82' lang='lat' dir='ltr'>Senatu</span> <span class='ocrx_word' id='word_1_19' title='bbox 228 657 406 750; x_wconf 82' lang='lat' dir='ltr'>negotium</span> <span class='ocrx_word' id='word_1_20' title='bbox 431 652 581 748; x_wconf 82' lang='lat' dir='ltr'>Marcio,</span> <span class='ocrx_word' id='word_1_21' title='bbox 617 653 676 749; x_wconf 87' lang='lat' dir='ltr'>qui</span> <span class='ocrx_word' id='word_1_22' title='bbox 701 662 784 724; x_wconf 90' lang='lat' dir='ltr'>tum</span> <span class='ocrx_word' id='word_1_23' title='bbox 797 651 948 726; x_wconf 89' lang='lat' dir='ltr'>Praetor</span> <span class='ocrx_word' id='word_1_24' title='bbox 974 652 1063 725; x_wconf 88' lang='lat' dir='ltr'>inter</span> <span class='ocrx_word' id='word_1_25' title='bbox 1087 652 1188 726; x_wconf 84' lang='lat' dir='ltr'>cives</span> <span class='ocrx_word' id='word_1_26' title='bbox 1213 661 1250 725; x_wconf 87' lang='lat' dir='ltr'>et</span> 
     </span>
     <span class='ocr_line' id='line_1_5' title="bbox 57 765 1251 869; baseline -0.004 -24"><span class='ocrx_word' id='word_1_27' title='bbox 57 769 272 869; x_wconf 87' lang='lat' dir='ltr'>peregrinos</span> <span class='ocrx_word' id='word_1_28' title='bbox 297 769 355 846; x_wconf 85' lang='lat' dir='ltr'>ius</span> <span class='ocrx_word' id='word_1_29' title='bbox 381 768 530 866; x_wconf 76' lang='lat' dir='ltr'>dicebat,</span> <span class='ocrx_word' id='word_1_30' title='bbox 576 791 698 842; x_wconf 88' lang='lat' dir='ltr'>eorum</span> <span class='ocrx_word' id='word_1_31' title='bbox 724 767 889 841; x_wconf 84' lang='lat' dir='ltr'>ductuum</span> <span class='ocrx_word' id='word_1_32' title='bbox 914 765 1183 841; x_wconf 82' lang='lat' dir='ltr'>reficiendorum</span> <span class='ocrx_word' id='word_1_33' title='bbox 1207 790 1251 840; x_wconf 87' lang='lat' dir='ltr'>ao</span> 
     </span>
     <span class='ocr_line' id='line_1_6' title="bbox 57 882 1251 982; baseline -0.003 -21"><span class='ocrx_word' id='word_1_34' title='bbox 57 884 360 963; x_wconf 78' lang='lat' dir='ltr'>vindicandorum</span> <span class='ocrx_word' id='word_1_35' title='bbox 410 882 461 960; x_wconf 79' lang='lat' dir='ltr'>Et</span> <span class='ocrx_word' id='word_1_36' title='bbox 495 885 658 982; x_wconf 86' lang='lat' dir='ltr'>quoniam</span> <span class='ocrx_word' id='word_1_37' title='bbox 688 885 940 959; x_wconf 86' lang='lat' dir='ltr'>incrementum</span> <span class='ocrx_word' id='word_1_38' title='bbox 965 883 1076 960; x_wconf 91' lang='lat' dir='ltr'>Urbis</span> <span class='ocrx_word' id='word_1_39' title='bbox 1103 884 1251 982; x_wconf 85' lang='lat' dir='ltr'>exigere</span> 
     </span>
     <span class='ocr_line' id='line_1_7' title="bbox 59 997 1250 1099; baseline -0.002 -24"><span class='ocrx_word' id='word_1_40' title='bbox 59 1000 251 1077; x_wconf 79' lang='lat' dir='ltr'>videbatur</span> <span class='ocrx_word' id='word_1_41' title='bbox 276 1001 480 1099; x_wconf 88' lang='lat' dir='ltr'>ampliorem</span> <span class='ocrx_word' id='word_1_42' title='bbox 510 1000 653 1075; x_wconf 91' lang='lat' dir='ltr'>modum</span> <span class='ocrx_word' id='word_1_43' title='bbox 685 1022 809 1096; x_wconf 83' lang='lat' dir='ltr'>aquae,</span> <span class='ocrx_word' id='word_1_44' title='bbox 849 997 963 1074; x_wconf 86' lang='lat' dir='ltr'>eidem</span> <span class='ocrx_word' id='word_1_45' title='bbox 995 998 1195 1072; x_wconf 86' lang='lat' dir='ltr'>mandatum</span> <span class='ocrx_word' id='word_1_46' title='bbox 1227 1023 1250 1073; x_wconf 92' lang='lat' dir='ltr'>a</span> 
     </span>
     <span class='ocr_line' id='line_1_8' title="bbox 61 1115 1251 1213; baseline -0.008 -16"><span class='ocrx_word' id='word_1_47' title='bbox 61 1115 205 1197; x_wconf 77' lang='lat' dir='ltr'>Senatu</span> <span class='ocrx_word' id='word_1_48' title='bbox 230 1125 298 1212; x_wconf 83' lang='lat' dir='ltr'>est,</span> <span class='ocrx_word' id='word_1_49' title='bbox 331 1125 370 1188; x_wconf 92' lang='lat' dir='ltr'>ut</span> <span class='ocrx_word' id='word_1_50' title='bbox 395 1125 545 1213; x_wconf 83' lang='lat' dir='ltr'>curaret,</span> <span class='ocrx_word' id='word_1_51' title='bbox 581 1125 753 1213; x_wconf 83' lang='lat' dir='ltr'>quatenus</span> <span class='ocrx_word' id='word_1_52' title='bbox 779 1115 867 1188; x_wconf 88' lang='lat' dir='ltr'>alias</span> <span class='ocrx_word' id='word_1_53' title='bbox 894 1137 1016 1212; x_wconf 74' lang='lat' dir='ltr'>aquam,</span> <span class='ocrx_word' id='word_1_54' title='bbox 1045 1138 1135 1212; x_wconf 85' lang='lat' dir='ltr'>quas</span> <span class='ocrx_word' id='word_1_55' title='bbox 1160 1137 1251 1212; x_wconf 88' lang='lat' dir='ltr'>pos-</span> 
     </span>
     <span class='ocr_line' id='line_1_9' title="bbox 62 1228 1253 1330; baseline -0.003 -23"><span class='ocrx_word' id='word_1_56' title='bbox 62 1244 131 1328; x_wconf 82' lang='lat' dir='ltr'>set,</span> <span class='ocrx_word' id='word_1_57' title='bbox 173 1232 209 1304; x_wconf 94' lang='lat' dir='ltr'>in</span> <span class='ocrx_word' id='word_1_58' title='bbox 235 1231 370 1308; x_wconf 87' lang='lat' dir='ltr'>Urbem</span> <span class='ocrx_word' id='word_1_59' title='bbox 396 1232 616 1330; x_wconf 86' lang='lat' dir='ltr'>perduceret.</span> <span class='ocrx_word' id='word_1_60' title='bbox 668 1229 741 1322; x_wconf 77' lang='lat' dir='ltr'>Qui</span> <span class='ocrx_word' id='word_1_61' title='bbox 765 1228 881 1330; x_wconf 87' lang='lat' dir='ltr'>lapide</span> <span class='ocrx_word' id='word_1_62' title='bbox 908 1229 1076 1326; x_wconf 86' lang='lat' dir='ltr'>quadrato</span> <span class='ocrx_word' id='word_1_63' title='bbox 1101 1230 1253 1327; x_wconf 85' lang='lat' dir='ltr'>amplio-</span> 
     </span>
     <span class='ocr_line' id='line_1_10' title="bbox 62 1345 1251 1446; baseline -0.006 -23"><span class='ocrx_word' id='word_1_64' title='bbox 62 1373 126 1423; x_wconf 86' lang='lat' dir='ltr'>res</span> <span class='ocrx_word' id='word_1_65' title='bbox 152 1347 281 1422; x_wconf 83' lang='lat' dir='ltr'>duetus</span> <span class='ocrx_word' id='word_1_66' title='bbox 308 1348 484 1444; x_wconf 83' lang='lat' dir='ltr'>excitavit,</span> <span class='ocrx_word' id='word_1_67' title='bbox 524 1370 658 1446; x_wconf 87' lang='lat' dir='ltr'>perque</span> <span class='ocrx_word' id='word_1_68' title='bbox 683 1346 764 1421; x_wconf 91' lang='lat' dir='ltr'>illos</span> <span class='ocrx_word' id='word_1_69' title='bbox 790 1369 928 1443; x_wconf 81' lang='lat' dir='ltr'>aquam,</span> <span class='ocrx_word' id='word_1_70' title='bbox 963 1367 1067 1441; x_wconf 86' lang='lat' dir='ltr'>quam</span> <span class='ocrx_word' id='word_1_71' title='bbox 1092 1345 1251 1442; x_wconf 80' lang='lat' dir='ltr'>aequisi-</span> 
     </span>
     <span class='ocr_line' id='line_1_11' title="bbox 62 1455 1254 1562; baseline -0.004 -24"><span class='ocrx_word' id='word_1_72' title='bbox 62 1455 166 1539; x_wconf 86' lang='lat' dir='ltr'>verat</span> <span class='ocrx_word' id='word_1_73' title='bbox 186 1465 239 1538; x_wconf 91' lang='lat' dir='ltr'>rei</span> <span class='ocrx_word' id='word_1_74' title='bbox 260 1464 421 1562; x_wconf 88' lang='lat' dir='ltr'>publioae</span> <span class='ocrx_word' id='word_1_75' title='bbox 442 1461 638 1559; x_wconf 83' lang='lat' dir='ltr'>commodo,</span> <span class='ocrx_word' id='word_1_76' title='bbox 665 1463 768 1536; x_wconf 89' lang='lat' dir='ltr'>trium</span> <span class='ocrx_word' id='word_1_77' title='bbox 786 1462 930 1535; x_wconf 91' lang='lat' dir='ltr'>millium</span> <span class='ocrx_word' id='word_1_78' title='bbox 948 1484 1056 1559; x_wconf 87' lang='lat' dir='ltr'>opera</span> <span class='ocrx_word' id='word_1_79' title='bbox 1075 1460 1254 1535; x_wconf 81' lang='lat' dir='ltr'>fabrorum</span> 
     </span>
     <span class='ocr_line' id='line_1_12' title="bbox 63 1573 1254 1674; baseline -0.007 -19"><span class='ocrx_word' id='word_1_80' title='bbox 63 1580 175 1674; x_wconf 83' lang='lat' dir='ltr'>duxit,</span> <span class='ocrx_word' id='word_1_81' title='bbox 201 1581 260 1655; x_wconf 87' lang='lat' dir='ltr'>oui</span> <span class='ocrx_word' id='word_1_82' title='bbox 286 1580 329 1656; x_wconf 87' lang='lat' dir='ltr'>ab</span> <span class='ocrx_word' id='word_1_83' title='bbox 351 1590 494 1653; x_wconf 83' lang='lat' dir='ltr'>auctore</span> <span class='ocrx_word' id='word_1_84' title='bbox 514 1578 674 1653; x_wconf 83' lang='lat' dir='ltr'>Marciae</span> <span class='ocrx_word' id='word_1_85' title='bbox 694 1603 820 1653; x_wconf 88' lang='lat' dir='ltr'>nomen</span> <span class='ocrx_word' id='word_1_86' title='bbox 842 1589 909 1651; x_wconf 80' lang='lat' dir='ltr'>est.</span> <span class='ocrx_word' id='word_1_87' title='bbox 959 1576 1135 1674; x_wconf 80' lang='lat' dir='ltr'>Legimus</span> <span class='ocrx_word' id='word_1_88' title='bbox 1160 1573 1254 1672; x_wconf 83' lang='lat' dir='ltr'>apurl</span> 
     </span>
     <span class='ocr_line' id='line_1_13' title="bbox 63 1693 1254 1793; baseline -0.008 -20"><span class='ocrx_word' id='word_1_89' title='bbox 63 1696 316 1789; x_wconf 75' lang='lat' dir='ltr'>Fenestellam,</span> <span class='ocrx_word' id='word_1_90' title='bbox 358 1694 392 1768; x_wconf 93' lang='lat' dir='ltr'>in</span> <span class='ocrx_word' id='word_1_91' title='bbox 428 1693 516 1769; x_wconf 82' lang='lat' dir='ltr'>baec</span> <span class='ocrx_word' id='word_1_92' title='bbox 548 1718 656 1793; x_wconf 87' lang='lat' dir='ltr'>opera</span> <span class='ocrx_word' id='word_1_93' title='bbox 680 1695 818 1769; x_wconf 81' lang='lat' dir='ltr'>Marcio</span> <span class='ocrx_word' id='word_1_94' title='bbox 845 1694 1025 1768; x_wconf 83' lang='lat' dir='ltr'>decretum</span> <span class='ocrx_word' id='word_1_95' title='bbox 1050 1693 1254 1767; x_wconf 84' lang='lat' dir='ltr'>sestertium</span> 
     </span>
     <span class='ocr_line' id='line_1_14' title="bbox 63 1806 1256 1909; baseline -0.008 -20"><span class='ocrx_word' id='word_1_96' title='bbox 63 1813 193 1889; x_wconf 86' lang='lat' dir='ltr'>millies</span> <span class='ocrx_word' id='word_1_97' title='bbox 234 1812 479 1909; x_wconf 76' lang='lat' dir='ltr'>octingenties.</span> <span class='ocrx_word' id='word_1_98' title='bbox 539 1809 619 1889; x_wconf 82' lang='lat' dir='ltr'>Sed</span> <span class='ocrx_word' id='word_1_99' title='bbox 657 1811 820 1907; x_wconf 85' lang='lat' dir='ltr'>quoniam</span> <span class='ocrx_word' id='word_1_100' title='bbox 861 1809 907 1884; x_wconf 90' lang='lat' dir='ltr'>ad</span> <span class='ocrx_word' id='word_1_101' title='bbox 944 1806 1256 1885; x_wconf 84' lang='lat' dir='ltr'>consummandum</span> 
     </span>
    </p>
   </div>
   <div class='ocr_carea' id='block_1_3' title="bbox 64 2074 1272 4440">
    <p class='ocr_par' dir='ltr' id='par_1_3' title="bbox 64 2074 1260 2258">
     <span class='ocr_line' id='line_1_15' title="bbox 108 2074 1260 2162; baseline -0.005 -20"><span class='ocrx_word' id='word_1_102' title='bbox 108 2078 168 2142; x_wconf 78' lang='lat' dir='ltr'>aed</span> <span class='ocrx_word' id='word_1_103' title='bbox 187 2082 309 2162; x_wconf 80' lang='lat' dir='ltr'>potius)</span> <span class='ocrx_word' id='word_1_104' title='bbox 329 2081 435 2161; x_wconf 76' lang='lat' dir='ltr'>potina</span> <span class='ocrx_word' id='word_1_105' title='bbox 456 2094 497 2139; x_wconf 85' lang='lat' dir='ltr'>ex</span> <span class='ocrx_word' id='word_1_106' title='bbox 518 2074 544 2141; x_wconf 81' lang='lat' dir='ltr'><strong>G</strong></span> <span class='ocrx_word' id='word_1_107' title='bbox 566 2074 594 2139; x_wconf 88' lang='lat' dir='ltr'>U</span> <span class='ocrx_word' id='word_1_108' title='bbox 613 2075 749 2139; x_wconf 77' lang='lat' dir='ltr'>restItuit</span> <span class='ocrx_word' id='word_1_109' title='bbox 769 2074 855 2155; x_wconf 70' lang='lat' dir='ltr'>Solu,</span> <span class='ocrx_word' id='word_1_110' title='bbox 877 2092 943 2138; x_wconf 88' lang='lat' dir='ltr'>oum</span> <span class='ocrx_word' id='word_1_111' title='bbox 964 2076 1130 2154; x_wconf 84' lang='lat' dir='ltr'>inoeteris,</span> <span class='ocrx_word' id='word_1_112' title='bbox 1152 2076 1223 2137; x_wconf 88' lang='lat' dir='ltr'>item</span> <span class='ocrx_word' id='word_1_113' title='bbox 1240 2093 1260 2135; x_wconf 88' lang='lat' dir='ltr'>a</span> 
     </span>
     <span class='ocr_line' id='line_1_16' title="bbox 64 2174 485 2258; baseline -0.012 -16"><span class='ocrx_word' id='word_1_114' title='bbox 64 2176 149 2257; x_wconf 86' lang='lat' dir='ltr'>Pol,</span> <span class='ocrx_word' id='word_1_115' title='bbox 171 2180 214 2240; x_wconf 84' lang='lat' dir='ltr'>sit</span> <span class='ocrx_word' id='word_1_116' title='bbox 232 2174 485 2258; x_wconf 83' lang='lat' dir='ltr'>praetenuissum.</span> 
     </span>
    </p>

    <p class='ocr_par' dir='ltr' id='par_1_4' title="bbox 68 2272 1262 2654">
     <span class='ocr_line' id='line_1_17' title="bbox 109 2272 1259 2354; baseline -0.009 -12"><span class='ocrx_word' id='word_1_117' title='bbox 109 2278 232 2342; x_wconf 77' lang='grc'><strong>6161166</strong></span> <span class='ocrx_word' id='word_1_118' title='bbox 252 2299 279 2341; x_wconf 86' lang='grc'>6.</span> <span class='ocrx_word' id='word_1_119' title='bbox 301 2273 559 2348; x_wconf 69' lang='lat' dir='ltr'>constaretur]</span> <span class='ocrx_word' id='word_1_120' title='bbox 582 2272 693 2354; x_wconf 89' lang='lat' dir='ltr'>Spuria</span> <span class='ocrx_word' id='word_1_121' title='bbox 711 2273 788 2336; x_wconf 86' lang='lat' dir='ltr'>haec</span> <span class='ocrx_word' id='word_1_122' title='bbox 810 2292 882 2336; x_wconf 82' lang='lat' dir='ltr'>esse</span> <span class='ocrx_word' id='word_1_123' title='bbox 903 2274 1041 2336; x_wconf 82' lang='lat' dir='ltr'>arbitror.</span> <span class='ocrx_word' id='word_1_124' title='bbox 1061 2273 1259 2336; x_wconf 71' lang='grc'><strong>1611166166-</strong></span> 
     </span>
     <span class='ocr_line' id='line_1_18' title="bbox 68 2372 1260 2456; baseline -0.007 -17"><span class='ocrx_word' id='word_1_125' title='bbox 68 2378 145 2456; x_wconf 80' lang='lat' dir='ltr'>gine</span> <span class='ocrx_word' id='word_1_126' title='bbox 166 2377 337 2439; x_wconf 77' lang='lat' dir='ltr'>annotatiot</span> <span class='ocrx_word' id='word_1_127' title='bbox 380 2375 434 2437; x_wconf 81' lang='lat' dir='ltr'>De</span> <span class='ocrx_word' id='word_1_128' title='bbox 460 2374 519 2437; x_wconf 82' lang='lat' dir='ltr'>loo</span> <span class='ocrx_word' id='word_1_129' title='bbox 540 2377 631 2437; x_wconf 82' lang='lat' dir='ltr'>etiam</span> <span class='ocrx_word' id='word_1_130' title='bbox 654 2373 851 2438; x_wconf 77' lang='lat' dir='ltr'>Constantina</span> <span class='ocrx_word' id='word_1_131' title='bbox 871 2372 979 2435; x_wconf 81' lang='lat' dir='ltr'>tradit.</span> <span class='ocrx_word' id='word_1_132' title='bbox 1021 2373 1062 2435; x_wconf 78' lang='lat' dir='ltr'>nt</span> <span class='ocrx_word' id='word_1_133' title='bbox 1082 2372 1170 2434; x_wconf 87' lang='lat' dir='ltr'>fluxit</span> <span class='ocrx_word' id='word_1_134' title='bbox 1190 2372 1260 2432; x_wconf 83' lang='lat' dir='ltr'>inde</span> 
     </span>
     <span class='ocr_line' id='line_1_19' title="bbox 68 2469 1262 2557; baseline -0.009 -15"><span class='ocrx_word' id='word_1_135' title='bbox 68 2476 266 2557; x_wconf 83' lang='lat' dir='ltr'>interpolatio</span> <span class='ocrx_word' id='word_1_136' title='bbox 288 2473 440 2535; x_wconf 87' lang='lat' dir='ltr'>simillima</span> <span class='ocrx_word' id='word_1_137' title='bbox 459 2472 506 2535; x_wconf 91' lang='lat' dir='ltr'>illi</span> <span class='ocrx_word' id='word_1_138' title='bbox 528 2474 566 2534; x_wconf 88' lang='lat' dir='ltr'>de</span> <span class='ocrx_word' id='word_1_139' title='bbox 587 2470 776 2535; x_wconf 84' lang='lat' dir='ltr'>Ammaranlo</span> <span class='ocrx_word' id='word_1_140' title='bbox 797 2473 868 2535; x_wconf 83' lang='lat' dir='ltr'>Art.</span> <span class='ocrx_word' id='word_1_141' title='bbox 889 2475 919 2533; x_wconf 78' lang='lat'>4.</span> <span class='ocrx_word' id='word_1_142' title='bbox 940 2471 1147 2533; x_wconf 85' lang='lat' dir='ltr'>Praetermislt</span> <span class='ocrx_word' id='word_1_143' title='bbox 1167 2469 1262 2532; x_wconf 84' lang='lat' dir='ltr'>verba</span> 
     </span>
     <span class='ocr_line' id='line_1_20' title="bbox 68 2569 1261 2654; baseline -0.01 -13"><span class='ocrx_word' id='word_1_144' title='bbox 68 2576 219 2654; x_wconf 78' lang='lat' dir='ltr'>Sigonius</span> <span class='ocrx_word' id='word_1_145' title='bbox 242 2572 407 2638; x_wconf 80' lang='lat' dir='ltr'>comment.</span> <span class='ocrx_word' id='word_1_146' title='bbox 429 2573 459 2632; x_wconf 92' lang='lat' dir='ltr'>in</span> <span class='ocrx_word' id='word_1_147' title='bbox 480 2572 562 2633; x_wconf 83' lang='lat' dir='ltr'>Fast</span> <span class='ocrx_word' id='word_1_148' title='bbox 584 2590 615 2651; x_wconf 91' lang='lat' dir='ltr'>p.</span> <span class='ocrx_word' id='word_1_149' title='bbox 627 2575 698 2635; x_wconf 81' lang='lat'>201.</span> <span class='ocrx_word' id='word_1_150' title='bbox 712 2570 748 2635; x_wconf 79' lang='grc' dir='ltr'><strong>Ο.</strong></span> <span class='ocrx_word' id='word_1_151' title='bbox 763 2571 901 2634; x_wconf 75' lang='grc' dir='ltr'><strong>ΗΕΙΝΒ.</strong></span> <span class='ocrx_word' id='word_1_152' title='bbox 931 2569 1043 2632; x_wconf 75' lang='lat' dir='ltr'>VI&#39;J:</span> <span class='ocrx_word' id='word_1_153' title='bbox 1067 2570 1261 2632; x_wconf 77' lang='lat' dir='ltr'>deltoanoa.</span> 
     </span>
    </p>

    <p class='ocr_par' dir='ltr' id='par_1_5' title="bbox 111 2666 1260 2759">
     <span class='ocr_line' id='line_1_21' title="bbox 111 2666 1260 2759; baseline -0.003 -22"><span class='ocrx_word' id='word_1_154' title='bbox 111 2672 357 2759; x_wconf 79' lang='lat' dir='ltr'>perdocendam)</span> <span class='ocrx_word' id='word_1_155' title='bbox 402 2671 456 2736; x_wconf 81' lang='lat' dir='ltr'>Sia</span> <span class='ocrx_word' id='word_1_156' title='bbox 483 2671 503 2732; x_wconf 99' lang='lat' dir='ltr'>J</span> <span class='ocrx_word' id='word_1_157' title='bbox 531 2675 564 2733; x_wconf 91' lang='lat' dir='ltr'>et</span> <span class='ocrx_word' id='word_1_158' title='bbox 583 2688 658 2751; x_wconf 78' lang='lat' dir='ltr'>reu,</span> <span class='ocrx_word' id='word_1_159' title='bbox 690 2672 763 2733; x_wconf 87' lang='lat' dir='ltr'>item</span> <span class='ocrx_word' id='word_1_160' title='bbox 783 2668 851 2731; x_wconf 86' lang='lat' dir='ltr'>Pol.</span> <span class='ocrx_word' id='word_1_161' title='bbox 895 2666 1029 2732; x_wconf 75' lang='lat' dir='ltr'>CUI:</span> <span class='ocrx_word' id='word_1_162' title='bbox 1048 2668 1193 2751; x_wconf 81' lang='lat' dir='ltr'>perduoi.</span> <span class='ocrx_word' id='word_1_163' title='bbox 1213 2667 1260 2734; x_wconf 82' lang='lat' dir='ltr'>Vt</span> 
     </span>
    </p>

    <p class='ocr_par' dir='ltr' id='par_1_6' title="bbox 67 2774 1263 3133">
     <span class='ocr_line' id='line_1_22' title="bbox 92 2774 215 2837; baseline -0.016 -1"><span class='ocrx_word' id='word_1_164' title='bbox 92 2774 215 2837; x_wconf 78' lang='lat' dir='ltr'>rodunt.</span> 
     </span>
     <span class='ocr_line' id='line_1_23' title="bbox 67 2794 1263 2954; baseline -0.012 -16"><span class='ocrx_word' id='word_1_165' title='bbox 67 2794 135 2937; x_wconf 67' lang='lat' dir='ltr'>pa</span> <span class='ocrx_word' id='word_1_166' title='bbox 154 2871 297 2954; x_wconf 77' lang='lat' dir='ltr'>Lepido)</span> <span class='ocrx_word' id='word_1_167' title='bbox 332 2869 357 2935; x_wconf 84' lang='lat' dir='ltr'>C</span> <span class='ocrx_word' id='word_1_168' title='bbox 379 2869 410 2932; x_wconf 92' lang='lat' dir='ltr'>V</span> <span class='ocrx_word' id='word_1_169' title='bbox 429 2871 453 2933; x_wconf 74' lang='lat' dir='ltr'>I*</span> <span class='ocrx_word' id='word_1_170' title='bbox 475 2888 533 2932; x_wconf 91' lang='lat' dir='ltr'>om.</span> <span class='ocrx_word' id='word_1_171' title='bbox 555 2888 588 2932; x_wconf 84' lang='lat' dir='ltr'>a.</span> <span class='ocrx_word' id='word_1_172' title='bbox 619 2867 662 2934; x_wconf 81' lang='lat' dir='ltr'>U:</span> <span class='ocrx_word' id='word_1_173' title='bbox 684 2865 839 2951; x_wconf 78' lang='lat' dir='ltr'>arlepirle.</span> <span class='ocrx_word' id='word_1_174' title='bbox 877 2863 950 2929; x_wconf 89' lang='lat' dir='ltr'>Sob.</span> <span class='ocrx_word' id='word_1_175' title='bbox 971 2864 1104 2927; x_wconf 81' lang='lat' dir='ltr'>Aemilio</span> <span class='ocrx_word' id='word_1_176' title='bbox 1125 2865 1263 2948; x_wconf 78' lang='lat' dir='ltr'>Lepido.</span> 
     </span>
     <span class='ocr_line' id='line_1_24' title="bbox 71 2964 1263 3055; baseline -0.005 -22"><span class='ocrx_word' id='word_1_177' title='bbox 71 2973 146 3055; x_wconf 77' lang='lat' dir='ltr'>„qui</span> <span class='ocrx_word' id='word_1_178' title='bbox 170 2970 246 3035; x_wconf 80' lang='lat' dir='ltr'>Cos.</span> <span class='ocrx_word' id='word_1_179' title='bbox 267 2989 294 3032; x_wconf 89' lang='lat' dir='ltr'>a.</span> <span class='ocrx_word' id='word_1_180' title='bbox 317 2968 354 3031; x_wconf 87' lang='lat' dir='ltr'>U.</span> <span class='ocrx_word' id='word_1_181' title='bbox 376 2972 447 3031; x_wconf 91' lang='grc'><strong>616.</strong></span> <span class='ocrx_word' id='word_1_182' title='bbox 492 2968 559 3034; x_wconf 80' lang='lat' dir='ltr'>(lio.</span> <span class='ocrx_word' id='word_1_183' title='bbox 585 2970 670 3032; x_wconf 84' lang='lat' dir='ltr'>Brut.</span> <span class='ocrx_word' id='word_1_184' title='bbox 698 2972 757 3047; x_wconf 75' lang='lat'>26,</span> <span class='ocrx_word' id='word_1_185' title='bbox 784 2971 814 3029; x_wconf 91' lang='grc'>6.</span> <span class='ocrx_word' id='word_1_186' title='bbox 843 2968 939 3029; x_wconf 81' lang='grc'><strong>6121</strong></span> <span class='ocrx_word' id='word_1_187' title='bbox 968 2964 1081 3045; x_wconf 84' lang='lat' dir='ltr'>extr.“,</span> <span class='ocrx_word' id='word_1_188' title='bbox 1104 2966 1263 3027; x_wconf 80' lang='lat' dir='ltr'>annotante</span> 
     </span>
     <span class='ocr_line' id='line_1_25' title="bbox 72 3071 179 3133; baseline -0.028 0"><span class='ocrx_word' id='word_1_189' title='bbox 72 3071 179 3133; x_wconf 87' lang='lat' dir='ltr'>lleinr.</span> 
     </span>
    </p>

    <p class='ocr_par' dir='ltr' id='par_1_7' title="bbox 71 3161 1266 3545">
     <span class='ocr_line' id='line_1_26' title="bbox 115 3161 1264 3250; baseline -0.007 -19"><span class='ocrx_word' id='word_1_190' title='bbox 115 3168 302 3250; x_wconf 73' lang='lat' dir='ltr'>eanquue</span> <span class='ocrx_word' id='word_1_191' title='bbox 337 3165 551 3250; x_wconf 80' lang='lat' dir='ltr'>retractatum]</span> <span class='ocrx_word' id='word_1_192' title='bbox 605 3165 682 3230; x_wconf 83' lang='lat' dir='ltr'>Seh:</span> <span class='ocrx_word' id='word_1_193' title='bbox 721 3165 1113 3249; x_wconf 79' lang='lat' dir='ltr'>eademque-retractata.</span> <span class='ocrx_word' id='word_1_194' title='bbox 1155 3161 1264 3225; x_wconf 82' lang='grc'><strong>116616.</strong></span> 
     </span>
     <span class='ocr_line' id='line_1_27' title="bbox 71 3260 1265 3351; baseline -0.008 -20"><span class='ocrx_word' id='word_1_195' title='bbox 71 3268 213 3331; x_wconf 74' lang='lat' dir='ltr'>Horou.</span> <span class='ocrx_word' id='word_1_196' title='bbox 237 3265 265 3330; x_wconf 81' lang='grc' dir='ltr'>Ο·</span> <span class='ocrx_word' id='word_1_197' title='bbox 285 3266 326 3331; x_wconf 83' lang='lat' dir='ltr'>U:</span> <span class='ocrx_word' id='word_1_198' title='bbox 349 3267 515 3351; x_wconf 73' lang='lat' dir='ltr'>eademque</span> <span class='ocrx_word' id='word_1_199' title='bbox 536 3273 606 3347; x_wconf 87' lang='lat' dir='ltr'>(pro</span> <span class='ocrx_word' id='word_1_200' title='bbox 628 3265 808 3349; x_wconf 64' lang='lat' dir='ltr'>eodemque)</span> <span class='ocrx_word' id='word_1_201' title='bbox 831 3297 874 3309; x_wconf 41' lang='grc' dir='ltr'>-α</span> <span class='ocrx_word' id='word_1_202' title='bbox 893 3272 1100 3326; x_wconf 78' lang='lat' dir='ltr'>retractatam.</span> <span class='ocrx_word' id='word_1_203' title='bbox 1142 3260 1265 3323; x_wconf 78' lang='lat' dir='ltr'>Vetl&#39;t</span> 
     </span>
     <span class='ocr_line' id='line_1_28' title="bbox 73 3358 1266 3449; baseline -0.01 -17"><span class='ocrx_word' id='word_1_204' title='bbox 73 3367 471 3449; x_wconf 48' lang='lat' dir='ltr'>eandemquffiretraotata</span> <span class='ocrx_word' id='word_1_205' title='bbox 493 3363 566 3448; x_wconf 84' lang='lat' dir='ltr'>[pro</span> <span class='ocrx_word' id='word_1_206' title='bbox 587 3372 788 3441; x_wconf 71' lang='lat' dir='ltr'>retractato).</span> <span class='ocrx_word' id='word_1_207' title='bbox 809 3365 949 3446; x_wconf 88' lang='lat' dir='ltr'>Denique</span> <span class='ocrx_word' id='word_1_208' title='bbox 969 3362 989 3423; x_wconf 95' lang='lat' dir='ltr'>J</span> <span class='ocrx_word' id='word_1_209' title='bbox 1011 3365 1042 3425; x_wconf 90' lang='grc'>61</span> <span class='ocrx_word' id='word_1_210' title='bbox 1061 3378 1125 3422; x_wconf 86' lang='lat' dir='ltr'>reo.</span> <span class='ocrx_word' id='word_1_211' title='bbox 1146 3360 1190 3422; x_wconf 84' lang='lat' dir='ltr'>lta</span> <span class='ocrx_word' id='word_1_212' title='bbox 1207 3358 1266 3421; x_wconf 87' lang='lat' dir='ltr'>lra-</span> 
     </span>
     <span class='ocr_line' id='line_1_29' title="bbox 73 3464 777 3545; baseline 0 -17"><span class='ocrx_word' id='word_1_213' title='bbox 73 3468 161 3543; x_wconf 84' lang='lat' dir='ltr'>bent,</span> <span class='ocrx_word' id='word_1_214' title='bbox 183 3468 217 3527; x_wconf 90' lang='lat' dir='ltr'>ut</span> <span class='ocrx_word' id='word_1_215' title='bbox 236 3483 293 3526; x_wconf 88' lang='lat' dir='ltr'>nos</span> <span class='ocrx_word' id='word_1_216' title='bbox 316 3466 476 3528; x_wconf 82' lang='lat' dir='ltr'>edidimus.</span> <span class='ocrx_word' id='word_1_217' title='bbox 517 3465 618 3529; x_wconf 88' lang='lat' dir='ltr'>Intell.</span> <span class='ocrx_word' id='word_1_218' title='bbox 641 3464 777 3545; x_wconf 71' lang='lat' dir='ltr'>„rem-⁶⁶·</span> 
     </span>
    </p>

    <p class='ocr_par' dir='ltr' id='par_1_8' title="bbox 116 3564 587 3648">
     <span class='ocr_line' id='line_1_30' title="bbox 116 3564 587 3648; baseline 0.004 -23"><span class='ocrx_word' id='word_1_219' title='bbox 116 3585 153 3648; x_wconf 77' lang='lat' dir='ltr'>p.</span> <span class='ocrx_word' id='word_1_220' title='bbox 175 3584 227 3625; x_wconf 83' lang='lat' dir='ltr'>an.</span> <span class='ocrx_word' id='word_1_221' title='bbox 249 3568 385 3638; x_wconf 80' lang='lat' dir='ltr'>tertium)</span> <span class='ocrx_word' id='word_1_222' title='bbox 406 3584 439 3626; x_wconf 87' lang='lat' dir='ltr'>v.</span> <span class='ocrx_word' id='word_1_223' title='bbox 460 3564 587 3629; x_wconf 83' lang='lat' dir='ltr'>Annott.</span> 
     </span>
    </p>

    <p class='ocr_par' dir='ltr' id='par_1_9' title="bbox 78 3655 1271 4042">
     <span class='ocr_line' id='line_1_31' title="bbox 119 3655 1268 3744; baseline -0.004 -19"><span class='ocrx_word' id='word_1_224' title='bbox 119 3666 251 3744; x_wconf 71' lang='lat' dir='ltr'>qratiam</span> <span class='ocrx_word' id='word_1_225' title='bbox 278 3664 400 3727; x_wconf 79' lang='lat' dir='ltr'>Marcii</span> <span class='ocrx_word' id='word_1_226' title='bbox 426 3663 539 3743; x_wconf 73' lang='lat' dir='ltr'>Regis]</span> <span class='ocrx_word' id='word_1_227' title='bbox 565 3664 585 3725; x_wconf 92' lang='lat' dir='ltr'>J</span> <span class='ocrx_word' id='word_1_228' title='bbox 610 3667 643 3727; x_wconf 89' lang='lat' dir='ltr'>et</span> <span class='ocrx_word' id='word_1_229' title='bbox 666 3679 736 3728; x_wconf 83' lang='lat' dir='ltr'>reo:</span> <span class='ocrx_word' id='word_1_230' title='bbox 766 3661 877 3725; x_wconf 77' lang='lat' dir='ltr'>Marci</span> <span class='ocrx_word' id='word_1_231' title='bbox 900 3660 984 3722; x_wconf 79' lang='lat' dir='ltr'>Titii.</span> <span class='ocrx_word' id='word_1_232' title='bbox 1030 3657 1089 3719; x_wconf 79' lang='lat' dir='ltr'>Ed.</span> <span class='ocrx_word' id='word_1_233' title='bbox 1110 3675 1156 3737; x_wconf 87' lang='lat' dir='ltr'>pr.</span> <span class='ocrx_word' id='word_1_234' title='bbox 1177 3655 1202 3719; x_wconf 82' lang='lat' dir='ltr'><strong>F</strong></span> <span class='ocrx_word' id='word_1_235' title='bbox 1223 3655 1268 3720; x_wconf 69' lang='grc'><strong>01</strong></span> 
     </span>
     <span class='ocr_line' id='line_1_32' title="bbox 78 3756 1271 3852; baseline -0.005 -26"><span class='ocrx_word' id='word_1_236' title='bbox 78 3762 121 3852; x_wconf 78' lang='lat' dir='ltr'>Q.</span> <span class='ocrx_word' id='word_1_237' title='bbox 142 3763 259 3825; x_wconf 81' lang='lat' dir='ltr'>Martii</span> <span class='ocrx_word' id='word_1_238' title='bbox 279 3762 389 3843; x_wconf 76' lang='lat' dir='ltr'>Rapio.</span> <span class='ocrx_word' id='word_1_239' title='bbox 418 3781 525 3843; x_wconf 84' lang='lat' dir='ltr'>„quam</span> <span class='ocrx_word' id='word_1_240' title='bbox 553 3762 715 3825; x_wconf 87' lang='lat' dir='ltr'>lectionem</span> <span class='ocrx_word' id='word_1_241' title='bbox 744 3760 878 3837; x_wconf 81' lang='lat' dir='ltr'>stabilit,</span> <span class='ocrx_word' id='word_1_242' title='bbox 908 3760 940 3820; x_wconf 91' lang='grc'>61</span> <span class='ocrx_word' id='word_1_243' title='bbox 966 3775 1028 3818; x_wconf 88' lang='lat' dir='ltr'>rem</span> <span class='ocrx_word' id='word_1_244' title='bbox 1054 3757 1150 3836; x_wconf 89' lang='lat' dir='ltr'>ipsam</span> <span class='ocrx_word' id='word_1_245' title='bbox 1175 3756 1271 3820; x_wconf 82' lang='lat' dir='ltr'>refert</span> 
     </span>
     <span class='ocr_line' id='line_1_33' title="bbox 78 3853 1269 3937; baseline -0.007 -13"><span class='ocrx_word' id='word_1_246' title='bbox 78 3862 197 3925; x_wconf 80' lang='lat' dir='ltr'>Plinius</span> <span class='ocrx_word' id='word_1_247' title='bbox 217 3862 257 3923; x_wconf 91' lang='grc'>11.</span> <span class='ocrx_word' id='word_1_248' title='bbox 279 3863 318 3923; x_wconf 87' lang='lat' dir='ltr'>N.</span> <span class='ocrx_word' id='word_1_249' title='bbox 338 3860 485 3926; x_wconf 88' lang='lat' dir='ltr'>XXXVI.</span> <span class='ocrx_word' id='word_1_250' title='bbox 511 3866 559 3925; x_wconf 82' lang='lat'>15.</span> <span class='ocrx_word' id='word_1_251' title='bbox 581 3865 614 3924; x_wconf 91' lang='grc'>61</span> <span class='ocrx_word' id='word_1_252' title='bbox 632 3859 749 3921; x_wconf 89' lang='lat' dir='ltr'>XXXI.</span> <span class='ocrx_word' id='word_1_253' title='bbox 770 3858 822 3920; x_wconf 84' lang='grc'><strong>3.“</strong></span> <span class='ocrx_word' id='word_1_254' title='bbox 845 3859 967 3921; x_wconf 87' lang='lat' dir='ltr'>annotat</span> <span class='ocrx_word' id='word_1_255' title='bbox 977 3854 1173 3937; x_wconf 84' lang='lat' dir='ltr'>Opsopoeus.</span> <span class='ocrx_word' id='word_1_256' title='bbox 1195 3853 1269 3917; x_wconf 79' lang='lat' dir='ltr'>Soli.</span> 
     </span>
     <span class='ocr_line' id='line_1_34' title="bbox 80 3957 909 4042; baseline -0.005 -20"><span class='ocrx_word' id='word_1_257' title='bbox 80 3958 155 4041; x_wconf 81' lang='lat' dir='ltr'>(lx.</span> <span class='ocrx_word' id='word_1_258' title='bbox 176 3959 213 4042; x_wconf 77' lang='grc'>6)</span> <span class='ocrx_word' id='word_1_259' title='bbox 237 3961 332 4038; x_wconf 77' lang='lat' dir='ltr'>legitr</span> <span class='ocrx_word' id='word_1_260' title='bbox 354 3967 385 4023; x_wconf 82' lang='lat' dir='ltr'>in</span> <span class='ocrx_word' id='word_1_261' title='bbox 405 3964 538 4042; x_wconf 73' lang='lat' dir='ltr'>gratiam</span> <span class='ocrx_word' id='word_1_262' title='bbox 556 3962 638 4023; x_wconf 81' lang='lat' dir='ltr'>Anci</span> <span class='ocrx_word' id='word_1_263' title='bbox 658 3960 780 4023; x_wconf 79' lang='lat' dir='ltr'>Marcii</span> <span class='ocrx_word' id='word_1_264' title='bbox 799 3957 909 4037; x_wconf 73' lang='lat' dir='ltr'>Rapis.</span> 
     </span>
    </p>

    <p class='ocr_par' dir='ltr' id='par_1_10' title="bbox 80 4053 1270 4243">
     <span class='ocr_line' id='line_1_35' title="bbox 123 4053 1270 4143; baseline -0.008 -20"><span class='ocrx_word' id='word_1_265' title='bbox 123 4064 169 4123; x_wconf 82' lang='lat' dir='ltr'>ita</span> <span class='ocrx_word' id='word_1_266' title='bbox 189 4065 221 4123; x_wconf 79' lang='lat' dir='ltr'>ia</span> <span class='ocrx_word' id='word_1_267' title='bbox 242 4061 323 4143; x_wconf 83' lang='lat' dir='ltr'>Cap.</span> <span class='ocrx_word' id='word_1_268' title='bbox 345 4081 415 4123; x_wconf 82' lang='grc'><strong>6666</strong></span> <span class='ocrx_word' id='word_1_269' title='bbox 435 4067 504 4143; x_wconf 77' lang='lat' dir='ltr'>aq.)</span> <span class='ocrx_word' id='word_1_270' title='bbox 526 4060 594 4122; x_wconf 90' lang='grc'><strong>1166</strong></span> <span class='ocrx_word' id='word_1_271' title='bbox 616 4060 721 4121; x_wconf 84' lang='lat' dir='ltr'>ordine</span> <span class='ocrx_word' id='word_1_272' title='bbox 743 4055 818 4121; x_wconf 80' lang='lat' dir='ltr'>GU.</span> <span class='ocrx_word' id='word_1_273' title='bbox 844 4055 879 4119; x_wconf 91' lang='lat' dir='ltr'>ln</span> <span class='ocrx_word' id='word_1_274' title='bbox 899 4058 972 4120; x_wconf 88' lang='grc'><strong>6611.</strong></span> <span class='ocrx_word' id='word_1_275' title='bbox 993 4060 1039 4118; x_wconf 80' lang='lat' dir='ltr'>ita</span> <span class='ocrx_word' id='word_1_276' title='bbox 1058 4073 1130 4118; x_wconf 82' lang='grc'><strong>6666</strong></span> <span class='ocrx_word' id='word_1_277' title='bbox 1148 4053 1270 4136; x_wconf 79' lang='lat' dir='ltr'>inOap.</span> 
     </span>
     <span class='ocr_line' id='line_1_36' title="bbox 80 4159 812 4243; baseline -0.003 -21"><span class='ocrx_word' id='word_1_278' title='bbox 80 4179 136 4243; x_wconf 82' lang='lat' dir='ltr'>up.</span> <span class='ocrx_word' id='word_1_279' title='bbox 180 4159 254 4222; x_wconf 88' lang='lat' dir='ltr'>Soh.</span> <span class='ocrx_word' id='word_1_280' title='bbox 281 4161 366 4222; x_wconf 86' lang='lat' dir='ltr'>addit</span> <span class='ocrx_word' id='word_1_281' title='bbox 386 4181 457 4223; x_wconf 82' lang='lat' dir='ltr'>ease</span> <span class='ocrx_word' id='word_1_282' title='bbox 477 4179 544 4223; x_wconf 85' lang='lat' dir='ltr'>eam</span> <span class='ocrx_word' id='word_1_283' title='bbox 564 4176 685 4242; x_wconf 79' lang='lat' dir='ltr'>uquam.</span> <span class='ocrx_word' id='word_1_284' title='bbox 717 4160 812 4221; x_wconf 90' lang='lat' dir='ltr'>Bene.</span> 
     </span>
    </p>

    <p class='ocr_par' dir='ltr' id='par_1_11' title="bbox 82 4251 1272 4440">
     <span class='ocr_line' id='line_1_37' title="bbox 124 4251 1272 4334; baseline -0.005 -13"><span class='ocrx_word' id='word_1_285' title='bbox 124 4259 169 4321; x_wconf 81' lang='lat' dir='ltr'>orl</span> <span class='ocrx_word' id='word_1_286' title='bbox 188 4260 265 4322; x_wconf 86' lang='lat' dir='ltr'>mill.</span> <span class='ocrx_word' id='word_1_287' title='bbox 286 4258 453 4334; x_wconf 87' lang='lat' dir='ltr'>XXXVI)</span> <span class='ocrx_word' id='word_1_288' title='bbox 495 4260 596 4325; x_wconf 79' lang='lat' dir='ltr'>Ilditi:</span> <span class='ocrx_word' id='word_1_289' title='bbox 623 4256 769 4321; x_wconf 90' lang='lat' dir='ltr'>XXXIII.</span> <span class='ocrx_word' id='word_1_290' title='bbox 806 4255 851 4319; x_wconf 82' lang='lat' dir='ltr'>At</span> <span class='ocrx_word' id='word_1_291' title='bbox 876 4254 1036 4320; x_wconf 83' lang='lat' dir='ltr'>Fabrettus</span> <span class='ocrx_word' id='word_1_292' title='bbox 1057 4251 1272 4315; x_wconf 73' lang='grc'><strong>1611666169</strong></span> 
     </span>
     <span class='ocr_line' id='line_1_38' title="bbox 82 4346 1272 4440; baseline -0.008 -19"><span class='ocrx_word' id='word_1_293' title='bbox 82 4361 167 4423; x_wconf 84' lang='lat' dir='ltr'>recte</span> <span class='ocrx_word' id='word_1_294' title='bbox 197 4360 329 4440; x_wconf 86' lang='lat' dir='ltr'>monuit,</span> <span class='ocrx_word' id='word_1_295' title='bbox 365 4357 502 4439; x_wconf 80' lang='lat' dir='ltr'>XXXVI</span> <span class='ocrx_word' id='word_1_296' title='bbox 531 4376 600 4423; x_wconf 83' lang='lat' dir='ltr'>esse</span> <span class='ocrx_word' id='word_1_297' title='bbox 628 4357 849 4439; x_wconf 84' lang='lat' dir='ltr'>reponendum,</span> <span class='ocrx_word' id='word_1_298' title='bbox 882 4357 914 4417; x_wconf 90' lang='grc'>61</span> <span class='ocrx_word' id='word_1_299' title='bbox 941 4370 1092 4416; x_wconf 80' lang='lat' dir='ltr'>numerum</span> <span class='ocrx_word' id='word_1_300' title='bbox 1117 4346 1272 4429; x_wconf 88' lang='lat' dir='ltr'>XXXIII,</span> 
     </span>
    </p>
   </div>
   <div class='ocr_carea' id='block_1_4' title="bbox 1295 184 1346 263">
    <p class='ocr_par' dir='ltr' id='par_1_12' title="bbox 1295 184 1346 263">
     <span class='ocr_line' id='line_1_39' title="bbox 1295 184 1346 263; baseline 0.039 -2"><span class='ocrx_word' id='word_1_301' title='bbox 1295 184 1346 263; x_wconf 78' lang='lat'>15</span> 
     </span>
    </p>
   </div>
   <div class='ocr_carea' id='block_1_5' title="bbox 0 0 1472 4710">
    <p class='ocr_par' dir='ltr' id='par_1_13' title="bbox 0 0 1472 4710">
     <span class='ocr_line' id='line_1_40' title="bbox 0 0 1472 4710; baseline 0 0"><span class='ocrx_word' id='word_1_302' title='bbox 0 0 1472 4710; x_wconf 95' lang='lat' dir='ltr'> </span> 
     </span>
    </p>
   </div>
  </div>
 </body>
</html>
