2888 4710
548 178 887 285 uaannanro.
1079 226 1085 239 ·
1267 204 1366 283 xm

75 448 154 512 tres
179 435 425 519 animadvertit
446 456 509 512 res
535 450 729 512 memoratu
755 437 894 535 dignas.
945 437 1161 535 „Librarius
1196 443 1230 513 in
1262 462 1363 513 com-

75 564 225 644 matum
244 569 469 644 distinctione
502 581 631 646 tantam
665 597 748 670 prae
780 595 823 645 se
848 572 916 645 sert
939 572 1000 646 vel
1026 577 1235 668 imperitiam
1259 571 1364 646 buius

75 704 133 777 rei
165 702 226 777 vel
258 707 392 801 ingenii
423 678 711 801 mediocritatem,
764 714 804 777 ut
843 728 955 802 paene
989 702 1231 798 dubitaverim,
1280 728 1363 778 num

76 840 171 910 inter
204 833 403 933 adscriptas
438 842 679 911 annotationes
714 838 830 933 aliqua
865 860 995 933 earum,
1037 860 1128 932 quae
1161 861 1225 934 pro
1260 837 1365 912 bonis

77 971 295 1042 coniecturis
336 966 458 1044 baberi
498 974 648 1066 possint,
704 969 809 1043 buius
859 975 907 1043 sit
947 969 1081 1043 librarii
1123 980 1365 1044 commentum.

75 1100 262 1197 Alterum,
304 1099 398 1197 quod
423 1101 701 1177 animadvertere
726 1125 880 1175 necesse
904 1100 1029 1195 haheo,
1070 1120 1137 1199 est,
1177 1100 1271 1199 quod
1296 1102 1365 1176 ali-

77 1242 165 1329 quot
187 1234 364 1308 vocabula
389 1240 522 1332 scripta
548 1241 684 1333 passim
718 1241 754 1308 in
785 1233 854 1309 hoc
887 1233 1015 1308 codice
1042 1247 1229 1308 occurrunt
1254 1234 1367 1309 forma

75 1371 278 1461 vetustiori,
313 1390 382 1439 nec
407 1367 510 1442 nobis
537 1392 663 1465 neque,
698 1377 737 1440 ut
763 1376 911 1464 putatur,
948 1371 1039 1464 ipsis
1067 1377 1258 1464 argenteae
1282 1367 1366 1442 lati·
1407 1454 1410 1464 ¹

76 1502 200 1571 uitatis
238 1499 443 1573 auctoribus
481 1505 622 1574 usitata.
681 1498 750 1578 Sic
789 1525 821 1596 p.
859 1496 935 1573 158
972 1498 1017 1571 ed
1054 1500 1196 1597 Bipont.
1233 1499 1256 1574 l.
1295 1498 1365 1576 13:
1403 1597 1406 1603 ι

77 1628 161 1704 sed
197 1653 335 1727 quom.
362 1629 446 1706 ibid
471 1631 494 1705 l.
518 1629 589 1707 26:
630 1639 841 1729 quoique.
875 1629 990 1705 ethis
1016 1632 1157 1706 similia.
1206 1620 1366 1708 Maxime

77 1773 197 1838 autem
222 1762 257 1837 id
282 1769 399 1862 reperi
423 1788 494 1838 usu
518 1770 642 1839 venire
668 1771 703 1838 in
728 1765 850 1838 verbis
875 1763 997 1861 legum
1022 1789 1065 1838 ac
1090 1760 1250 1841 Senatus
1276 1789 1365 1841 con·
1392 1834 1394 1839 .

75 1895 260 1993 sultorum,
288 1905 327 1969 ut
351 1924 385 1995 p.
410 1896 503 1971 194:
532 1895 584 1971 de
609 1903 700 1971 ieis
728 1903 813 1992 qui.
840 1897 862 1970 l.
888 1894 957 1970 11:
994 1894 1274 1992 quom.l.16:
1302 1902 1367 1973 iei

74 2032 215 2125 proli
267 2028 567 2126 haeredemque
594 2030 798 2104 observatio
825 2038 963 2128 spectat
987 2028 1032 2103 ad
1056 2028 1215 2125 lacunas,
1260 2054 1364 2127 quae,

75 2167 174 2233 sicut
198 2160 404 2256 frequentes
431 2167 466 2235 in
491 2163 571 2235 aliis
604 2162 718 2259 libris,
758 2167 806 2235 ita
839 2167 874 2234 in
899 2161 1067 2236 Parisino
1102 2172 1184 2235 sunt
1216 2167 1365 2236 rarissi-

75 2317 169 2367 mae.
238 2293 403 2391 Namque
449 2294 533 2369 licet
570 2319 640 2369 non
676 2299 884 2367 universum
922 2293 1085 2391 equidem
1120 2293 1249 2368 librum
1286 2319 1367 2369 cum

75 2424 241 2525 exemplo
266 2427 456 2524 Bipontino
483 2427 700 2523 contulerim,
739 2435 856 2501 tamen
880 2427 1042 2527 pluribus
1067 2427 1169 2525 locis,
1210 2428 1272 2503 ubi
1285 2415 1366 2501 'ali-'

76 2556 165 2655 quid
188 2559 379 2633 litterarum
430 2569 490 2633 aut
513 2560 767 2636 vocabulorum
793 2559 989 2635 desiderari
1014 2565 1154 2657 punctis
1181 2564 1260 2633 eius
1285 2561 1366 2634 loco

74 2695 207 2789 positis
233 2690 472 2789 significatum
497 2700 564 2789 est,
604 2696 746 2792 inspexi
778 2692 917 2788 librum,
956 2716 1038 2765 num
1065 2690 1149 2789 quid
1173 2690 1273 2765 daret
1297 2694 1365 2766 exd'

75 2821 217 2922 plaudis
242 2822 399 2917 lacunis3
437 2821 505 2897 sed
538 2823 743 2921 plerumque
768 2848 835 2897 nec
859 2825 1005 2897 lacunas
1031 2822 1258 2921 deprehendi,
1297 2848 1365 2900 nec

74 2950 179 3053 vera,
211 2956 340 3053 quibus
375 2980 440 3031 eae
483 2954 666 3031 commode
709 2956 942 3053 explerentur.
1006 2957 1118 3031 Immo
1158 2956 1298 3032 litterae
1331 2971 1370 3032 et

73 3087 199 3183 verba,
239 3092 370 3163 ceteris
403 3093 439 3163 in
471 3053 573 3164 libris
606 3088 800 3163 intervallis
835 3086 1009 3185 distantia,
1049 3087 1108 3163 hic
1139 3111 1209 3162 uno
1241 3099 1366 3166 tenore

74 3230 125 3315 et,
164 3222 199 3294 ⁴ai
223 3221 327 3297 modo
353 3227 512 3319 speciem
537 3218 706 3296 baberent
730 3224 937 3315 sententiae,
978 3225 1057 3294 sine
1081 3225 1264 3316 varietate,
1305 3232 1366 3296 aut

74 3359 200 3453 parvis
226 3354 330 3428 lactis
354 3354 624 3449 mutationibus,
664 3359 822 3428 intense
848 3359 965 3427 iuncta
990 3351 1196 3450 apparent.“
1245 3354 1365 3429 Deni-

75 3510 148 3583 que
170 3486 339 3561 Mennius
363 3484 446 3560 huic
470 3486 587 3560 codici
610 3510 733 3584 parum
757 3487 878 3561 tribuit
901 3489 1016 3585 pretii,
1057 3508 1162 3582 quem
1187 3486 1293 3562 alicui
1312 3512 1366 3562 ex

74 3620 335 3716 antiquioribus
373 3617 587 3694 editionibus
624 3624 688 3692 vix
724 3618 911 3716 praeferat,
966 3624 1002 3690 et
1037 3617 1123 3692 nihd
1160 3618 1256 3693 aliud
1292 3626 1365 3696 nisi

73 3751 319 3851 apographum
352 3756 488 3825 veteris
522 3752 673 3825 alicuius
708 3751 882 3825 editionis·
908 3771 994 3823 esse
1028 3760 1167 3824 statuum.
1221 3750 1303 3843 Qua
1327 3757 1365 3828 in

72 3908 118 3959 re
143 3883 325 3958 diversum
351 3893 408 3958 est
431 3883 600 3958 iudicium
624 3882 817 3958 Rondoleti
850 3881 1103 3978 contendentis,
1143 3881 1236 3957 huuc
1261 3872 1364 3959 codi-

73 4040 157 4092 cem
190 4038 276 4091 esse
310 4015 554 4116 apographum
579 4014 715 4090 codicis
742 4012 999 4107 cassinensis3
1038 4018 1192 4111 itemque
1226 4014 1362 4094 Schul-

72 4153 151 4248 tuii,
184 4154 351 4247 quicum
376 4173 461 4223 esse
487 4152 629 4222 coniicit
652 4146 903 4246 apographum,
943 4127 1036 4243 quod
1060 4146 1290 4221 Mabillouius
1316 4174 1362 4222 ex

74 4278 295 4360 Ouasinensi
319 4305 384 4379 per
406 4270 598 4355 Erasmum
624 4278 802 4356 Gattolam
826 4277 1078 4378 perficiendum
1103 4286 1289 4354 curaverit

176 4413 239 4496 De
263 4418 469 4491 auctoritate
495 4413 631 4489 codicis
656 4413 815 4489 Parisiui
840 4411 1030 4507 constabit,
1065 4416 1106 4484 si
1128 4415 1261 4485 varias
1279 4412 1372 4484 hee-
