2888 4710
421 200 493 305 nu
519 197 711 292 noune
736 197 1019 283 nucumve.

78 433 253 531 deceptos
278 434 403 507 leniter
428 433 589 507 revocari
615 432 775 531 oportuit.
816 433 940 530 ltaque
965 431 1092 509 sedulo
1117 432 1260 509 labora-

78 555 215 644 vimus,
256 560 309 645 ut,
350 560 515 646 quantum
547 549 581 622 iu
614 549 717 624 nobis
747 548 832 644 suit,
868 550 971 623 etiam
1003 551 1259 649 ignorarentur,

79 667 141 761 qui
165 674 408 762 peccaverant.
458 666 508 738 lis
533 689 640 760 vero,
669 669 729 761 qui
753 663 919 739 admoniti
944 664 988 739 ad
1012 665 1262 764 indulgentiam

79 779 308 878 Imperatoris
346 781 636 877 decucurrerunt,
676 804 868 878 possumus
906 780 1019 856 videri
1051 806 1160 856 causa
1192 782 1261 854 im-

80 897 205 994 petrati
235 896 396 970 beneficii
428 896 551 970 luisse.
601 898 642 969 ln
672 897 843 995 reliquum
871 920 959 971 vero
985 906 1088 996 opto,
1122 922 1167 972 ne
1193 922 1260 970 ex-

80 1013 218 1085 secutio
251 1012 344 1111 legis
375 1014 579 1094 necessaria
604 1014 669 1110 sit,
704 1037 785 1089 cum
809 1011 915 1088 oflicii
940 1010 1045 1088 fidem
1069 1013 1173 1089 etiam
1199 1036 1262 1112 per

81 1128 238 1202 ollensas
263 1133 354 1203 tueri
378 1130 600 1227 praestiterit.

121 1446 161 1511 la
189 1448 307 1530 reliquo
335 1464 409 1509 uero
436 1451 525 1528 opto)
555 1444 634 1522 teg.
662 1443 699 1507 la
723 1443 869 1527 reliquum
896 1453 980 1526 opto.
1022 1443 1077 1507 Sic
1103 1445 1261 1507 verissime

79 1545 156 1610 Scir.
184 1567 217 1608 v.
240 1546 403 1610 Forcellin.
431 1565 462 1608 v.
484 1544 572 1626 reliq.
604 1544 655 1607 (ir.
678 1542 725 1618 εἰς
745 1537 781 1606 τὸ
805 1538 928 1609 λοιπόν.
969 1543 1009 1609 Η.
1032 1542 1142 1624 Steph.
1163 1542 1260 1606 Thes.

79 1648 116 1711 la.
139 1646 192 1710 Gr.
217 1645 357 1709 HlilNlt.
383 1644 508 1709 Retinui
529 1650 626 1709 tamm
646 1662 733 1708 vero.
758 1643 817 1706 Pro
841 1651 913 1726 opto
935 1645 966 1706 ln
987 1644 1051 1707 FB
1074 1644 1128 1717 (ad
1149 1651 1261 1724 marg.)

76 1766 183 1831 opere.

117 1866 180 1928 per
200 1845 273 1929 off.)
301 1843 383 1910 Sch:
405 1853 513 1908 contro
533 1844 681 1928 effeaaao.
709 1861 743 1904 v.
763 1839 892 1907 Anuott.

118 1941 332 2029 praestiterit)
359 1944 379 2006 J
395 1948 426 2008 et
441 1963 505 2006 rec.
527 1945 598 2006 item
619 1940 691 2007 Pol:
712 1949 862 2024 proceret.
891 1939 954 2005 Sed
969 1943 1033 2006 tres
1050 1941 1146 2006 codd:
1164 1961 1262 2023 proe-

74 2048 168 2110 stete.
191 2063 239 2108 ex
266 2063 326 2127 quo
357 2041 431 2107 Scir.
458 2045 533 2107 iecit
556 2045 766 2126 praestiterit,
793 2039 993 2121 applaudente
1013 2041 1119 2105 Helnr.
1151 2040 1260 2104 Recte.

74 2145 202 2211 Mediae
229 2144 350 2208 scilicet
375 2143 494 2207 litterae
520 2149 534 2204 t
559 2143 696 2224 antiquus
721 2138 860 2204 librarius
886 2139 1016 2222 siglam,
1043 2161 1103 2224 quo
1125 2140 1261 2221 syllabae

73 2264 113 2309 er
132 2242 203 2308 loco
225 2243 401 2322 utebantur,
428 2243 594 2324 appingere
615 2240 766 2319 neglexit

1291 199 1367 277 137
