2888 4710
518 96 927 259 necaremus

177 395 334 481 nentiora
359 423 427 473 non
452 408 620 497 possunt3
658 424 737 474 nam
763 426 855 475 nunc
880 400 992 475 colles
1017 402 1076 498 qui
1100 409 1203 500 sunt,
1225 409 1359 501 propter

179 513 407 610 frequentiam
446 515 685 593 incendiorum
726 528 960 593 excreverunt
995 516 1133 592 rudere.
1200 513 1358 617 Quinque

177 851 297 913 notatur
317 854 495 930 transversa,
523 853 572 912 est
590 870 657 934 per,
678 854 712 913 ut
736 852 791 912 iam
819 850 857 913 ad
884 849 955 914 Art.
985 854 1019 913 ll
1051 849 1192 912 diximus.
1242 850 1354 941 (Quar-

178 971 263 1035 quam
285 968 343 1012 non
371 948 548 1041 ubiquchhic
570 951 639 1012 cod.
660 950 719 1014 hoc
741 951 770 1011 in
791 968 904 1029 genere
926 949 983 1011 sibi
1005 954 1136 1028 constat,
1165 969 1256 1032 quum
1284 948 1379 1029 sigie-

177 1049 384 1130 particularum
403 1069 462 1132 per
482 1052 513 1110 et
531 1067 589 1131 pro
611 1051 699 1111 etiam
720 1051 933 1130 permutentur.
976 1049 1089 1111 Littera
1113 1069 1152 1132 p,
1179 1038 1353 1130 superducta

177 1146 256 1210 linea
275 1151 369 1226 recta,
387 1151 434 1209 est
453 1146 537 1232 pre).
559 1134 708 1211 Distincte
724 1148 767 1216 Ut
788 1153 977 1232 perueniunt.
995 1153 1082 1231 atque
1099 1148 1143 1211 sic
1164 1147 1223 1209 iam
1244 1148 1353 1227 legeret

176 1250 334 1311 'rumonus
353 1247 436 1310 Adv.
450 1249 490 1311 V.
505 1254 535 1325 5,
557 1246 693 1330 legitque
715 1247 789 1311 Scir.
831 1249 879 1310 Idx
908 1247 1018 1310 ceteris
1039 1249 1124 1310 libris
1146 1247 1215 1310 Pol.
1236 1248 1352 1328 ¹praetulit

176 1361 283 1431 prum:
320 1347 411 1428 male3
437 1352 601 1430 provenire
621 1349 698 1409 enim
719 1366 860 1430 nusquam
883 1348 959 1409 dixit
979 1347 1159 1424 Frontinus,
1198 1366 1299 1430 neque
1316 1346 1351 1409 rei

177 1452 275 1528 aptum
314 1453 378 1525 est,
421 1449 599 1527 saepissime
636 1450 740 1509 contra
763 1451 925 1529 peruenire
950 1451 981 1509 in
1008 1445 1120 1526 urbem,
1148 1450 1181 1508 ut
1209 1445 1282 1511 Art.
1311 1450 1350 1513 id

176 1551 226 1611 72.
250 1551 319 1612 129.
811 1576 835 1598 π
1170 1572 1172 1577 ·

226 1644 298 1709 inde
315 1646 426 1727 fiuent)
461 1643 566 1708 Codd:
592 1642 666 1707 inde
688 1642 771 1726 liunt.
813 1645 833 1706 J
860 1649 891 1707 et
916 1662 983 1710 rec:
1026 1643 1105 1707 Iade
1122 1642 1174 1726 lit,
1201 1652 1238 1708 ut
1257 1665 1286 1728 q.
1307 1646 1352 1709 att.

175 1745 237 1808 loc.
259 1749 406 1808 seruiunt.
428 1738 475 1805 'cui
496 1743 629 1823 lectioni,
653 1763 671 1806 a
692 1744 815 1808 Corrad.
837 1745 948 1807 frustra
968 1745 1211 1823 commendatae,
1249 1746 1352 1825 optime

175 1843 281 1906 saitem
308 1843 451 1906 inhahitat
479 1843 704 1923 interpretatio:
733 1862 798 1904 nam
826 1843 899 1906 inde
925 1848 972 1905 cst
1000 1862 1065 1921 „ea
1092 1844 1129 1904 de
1151 1844 1292 1923 causu“,
1326 1848 1352 1906 et

173 1943 269 2031 fluunt
288 1943 342 2004 ult.
365 1942 387 2005 ι.
409 1943 486 2003 idem
509 1943 658 2024 estquod
686 1943 806 2021 „fluunt
833 1945 944 2005 maiore
977 1943 1144 2022 altitudine,
1169 1943 1202 2004 in
1225 1946 1352 2006 emiuen-

176 2045 254 2106 tiure
274 2041 357 2103 urhis
377 2040 446 2103 ioca
467 2046 597 2103 erectae.
610 2041 629 2076 ‘⁶
672 2041 748 2106 Sch.
770 2043 865 2119 degite
887 2041 960 2104 inde
981 2041 1122 2122 destuunt.
1163 2041 1269 2108 Heinr.
1290 2044 1354 2107 inde

176 2140 268 2224 quod.
311 2140 442 2203 Secutus
463 2159 526 2201 sum
549 2130 715 2220 ed.'>pr1nc.
738 2144 769 2204 et
784 2142 820 2220 F,
841 2160 960 2224 quarum
982 2140 1139 2205 lectionem
1162 2148 1247 2205 recte
1270 2141 1354 2207 intei-

175 2239 251 2302 iexit
271 2239 338 2303 Pol.
360 2259 391 2301 v.
413 2237 540 2300 Annott.

225 2359 294 2400 num
314 2358 393 2400 nunc
414 2338 510 2400 codiee
531 2339 687 2420 quisunt)
729 2338 788 2401 Vel
817 2340 861 2401 sic
887 2340 1095 2401 emendandum
1124 2358 1194 2401 csse
1221 2340 1353 2421 puuben

177 2441 233 2510 (v.
256 2433 425 2518 Annuit),
453 2437 522 2504 vel:
548 2457 617 2498 num
639 2446 731 2501 unteu
753 2439 848 2501 cottee
870 2444 920 2522 qui
938 2440 1065 2520 fuerunt
1078 2435 1174 2521 ¹(„die
1191 2440 1355 2519 damaligcr

176 2536 328 2615 Hitgel“].
371 2537 468 2599 Libri:
495 2557 565 2598 num
592 2545 624 2600 et
649 2537 745 2600 cottee
766 2543 795 2600 ei
817 2536 876 2612 (Gt
910 2535 1033 2619 cotteei)
1060 2543 1132 2604 eine.
1174 2538 1250 2602 Scir.
1272 2539 1354 2603 ruodo

176 2638 320 2715 corrigit:
341 2656 410 2698 num
431 2646 463 2699 et
482 2637 581 2698 cottee
602 2640 663 2714 imi,
684 2638 805 2700 scilicet
823 2647 926 2721 propt.
949 2642 1008 2700 inc.
1028 2638 1071 2719 se.
1092 2658 1141 2700 eu.
1162 2638 1232 2724 rud.
1254 2639 1354 2701 modu}

175 2755 245 2800 num
271 2744 304 2799 et
329 2735 425 2798 cottee
449 2739 569 2799 etinimi.

225 2835 352 2910 rudere)
374 2832 404 2898 V
424 2834 463 2900 F:
484 2834 589 2901 rudes.
630 2836 650 2897 J
671 2839 702 2898 et
721 2848 789 2898 rect
811 2835 971 2900 ruderibus
993 2858 1115 2902 exorem
1145 2833 1187 2903 U:
1209 2856 1354 2901 mercen-

176 2943 245 3000 runt
263 2933 332 2998 rud.

227 3033 365 3127 Quinque
384 3040 463 3110 meat,
484 3029 623 3117 quarum]
645 3033 785 3096 Editures
805 3034 962 3114 posted:
986 3033 1122 3125 Quinque
1142 3043 1241 3099 autem
1258 3056 1356 3121 uque-

176 3154 241 3197 ruen
261 3134 318 3196 ute.
361 3131 424 3196 Sed
445 3136 508 3195 tres
529 3133 623 3197 codd:
646 3133 782 3225 Quinque
802 3144 872 3196 eunt
893 3133 1017 3195 duarum
1037 3135 1092 3196 uti.
1114 3134 1171 3195 Idd.
1193 3153 1241 3215 pr.
1263 3140 1298 3199 et
1317 3135 1355 3199 r:

179 3233 318 3324 Quinque
337 3239 409 3294 eunt
427 3232 776 3295 ductunnuueudines.
818 3232 892 3295 Jct
912 3249 978 3297 rec:
1023 3232 1160 3320 Quinque
1185 3238 1264 3296 enim
1290 3242 1358 3298 eunt

177 3333 369 3410 altitudines,
403 3324 526 3415 qeeurue'n
553 3330 632 3392 dune
658 3336 689 3393 in
720 3348 750 3392 o.
770 3351 803 3411 p.
829 3331 865 3394 U.
888 3332 1078 3395 attolluntur.
1113 3350 1169 3394 nec
1194 3333 1285 3396 uliter
1311 3332 1357 3397 ie·

177 3432 308 3509 gebatur
329 3433 358 3493 in
379 3431 438 3510 cd.,
460 3449 517 3512 qua
538 3449 611 3492 rusus
634 3433 682 3492 est
701 3431 813 3493 Burton
837 3431 946 3505 (Rome
966 3429 1146 3493 Aiterthiim.
1166 3432 1225 3493 und
1248 3433 1356 3496 Merk-

177 3532 347 3594 mirdane
370 3532 435 3593 dem
456 3529 614 3607 Englisch.
636 3530 792 3593 dhersetet
810 3547 872 3591 von
886 3526 1022 3610 Sickler)
1046 3550 1076 3610 p.
1099 3534 1151 3592 40.
1179 3530 1356 3597 Unchor-

178 3630 247 3691 rad:
272 3630 409 3721 Quinque
430 3640 519 3712 utque
541 3629 667 3691 duorum
688 3629 745 3690 att.
787 3628 880 3691 Malo.
925 3629 1002 3716 Quid
1024 3625 1133 3693 multi?
1160 3628 1225 3693 Una
1246 3634 1355 3694 tuntum

178 3727 278 3791 littere
299 3728 447 3791 dnutata
466 3729 496 3790 in
518 3749 546 3812 q,
567 3732 650 3791 recte
672 3747 706 3790 se
726 3727 819 3789 habet
839 3727 927 3790 codd.
954 3728 1061 3807 lecti03
1088 3731 1168 3811 quod
1194 3731 1252 3792 iem
1280 3732 1357 3799 vidit

178 3824 252 3888 Scir.
272 3856 314 3869 -
334 3826 414 3889 lnira
432 3826 463 3890 V
482 3829 506 3890 F
522 3831 554 3891 ct
574 3829 621 3890 ed.
643 3827 736 3908 princ.
759 3827 895 3890 omittunt
916 3827 1078 3890 uttottitur.

226 3925 283 3988 eed
303 3947 343 3989 eu
363 3923 428 4008 die)
450 3926 480 3989 V
500 3928 524 3989 F
546 3930 578 3989 et
598 3927 645 3988 ed.
667 3945 714 4007 pr.
737 3928 874 3989 omittunt
894 3947 941 3989 ee.
973 3928 993 3989 J
1014 3930 1046 3992 ct
1066 3946 1129 3990 rec.
1145 3926 1275 3993 habenti
1302 3928 1358 3995 ced

178 4045 218 4086 ee
239 4026 377 4109 reliquie.
419 4025 496 4088 Mox
516 4025 546 4088 V
567 4026 587 4087 J
607 4029 639 4088 et
658 4041 725 4089 rec:
747 4027 1008 4091 maiore-leuiore.

226 4134 276 4188 eet
293 4127 375 4189 Anio
394 4122 498 4200 Neo.)
520 4125 605 4191 node
626 4126 706 4187 Anio
728 4134 776 4189 eet
793 4125 880 4190 Nou.

226 4234 353 4308 aequat]
375 4223 417 4289 G:
440 4232 583 4307 aequata.
604 4258 646 4271 —-
665 4223 802 4304 ueteree)
823 4245 879 4291 eae
899 4225 970 4289 tort.
999 4226 1172 4294 addendum.
1214 4226 1354 4293 HJJINJJ.

177 4322 240 4389 Sed
260 4345 293 4387 v.
315 4323 354 4388 ed
372 4322 441 4390 Art.
463 4327 495 4386 6.
