2888 4710
86 174 257 251 XXVIII
576 173 900 253 unumunulo.

84 422 154 483 tem
180 407 286 498 licuit,
325 416 362 480 nt
395 430 497 503 quam
525 407 809 482 emendatissima
834 407 1055 508 (fragmenta
1080 406 1164 503 illa)
1190 408 1228 481 in
1256 433 1380 483 manus

85 550 165 613 tuas
195 540 372 613 venirent:
414 541 574 635 quamvis
608 541 641 613 in
666 542 836 615 Frontino
870 540 904 613 id
931 540 1114 639 peinscule
1139 548 1379 639 successerit,

84 671 174 746 adeo
199 676 238 744 ut
261 696 306 744 ne
332 670 469 767 quidem
497 671 599 746 nobis
625 673 693 771 ipsi
724 673 1025 765 satisfecerimus3
1063 672 1100 745 id
1131 683 1253 747 tamen
1288 675 1379 771 qnod

83 810 209 877 mirum
241 828 309 876 non
346 814 402 877 est
434 808 470 876 in
504 814 647 877 anctore
681 815 751 879 tam
783 803 984 902 depravato,
1025 804 1118 879 nullo
1144 805 1253 881 nobis
1280 807 1378 881 iretis

86 937 249 1034 exemplo
274 937 480 1033 vetustiore,
515 946 552 1009 ut
576 942 611 1010 si
636 936 705 1010 iam
730 938 808 1034 ipse
834 938 1037 1033 reviviscat,
1065 937 1113 1010 sit
1136 937 1286 1013 Delium
1312 964 1375 1013 na·

82 1079 229 1143 tatonem
263 1068 445 1141 habiturus
485 1067 519 1141 in
556 1069 684 1143 votis.“
749 1069 852 1141 Haec
886 1069 1004 1164 editio,
1045 1091 1149 1165 quam
1183 1066 1374 1171 Gymnasii

82 1206 196 1275 nostri
220 1199 431 1275 bibliotheca
456 1200 538 1274 mibi
563 1201 763 1298 suggessit,
792 1201 825 1273 in
839 1200 987 1277 Annott.
1014 1200 1238 1298 significatur
1262 1202 1371 1277 littma

81 1336 127 1440 II.
151 1370 202 1386 —-
228 1334 321 1406 Tum
355 1357 434 1406 cnm
467 1331 624 1407 Vitrnvii
658 1332 702 1407 de
734 1330 873 1407 Ambit.
907 1332 1006 1407 libris
1041 1331 1165 1408 decem
1195 1336 1233 1408 in
1259 1334 1369 1409 lucem

81 1465 227 1564 prodiit:
263 1464 400 1551 ¹Sexti
425 1465 541 1538 Julii
566 1465 779 1538 Frontini
804 1463 855 1538 de
880 1463 1277 1563 Aqnuednctibus
1303 1492 1367 1541 ur·

82 1598 155 1673 bis
180 1598 349 1671 Romae
375 1596 593 1687 libellus,
632 1595 1367 1693 Argentoratian.1543.inolli·

80 1731 182 1804 cina
202 1727 552 1804 Knobloclriana
573 1753 651 1826 per
677 1725 915 1826 Georgium
939 1728 1365 1828 Machaeropoeum.

80 1861 164 1959 (l).
213 1860 344 1957 Editio,
373 1861 509 1935 Poleno
536 1860 660 1957 iudice,
690 1884 738 1934 ex
763 1859 818 1934 ed.
844 1861 926 1935 Joc.
953 1862 1151 1960 descripta:
1188 1887 1283 1960 quae
1307 1888 1364 1939 re-

78 1996 186 2094 petita
209 2005 264 2067 est
283 1976 437 2092 Argent.
459 1990 852 2067 an.1550.-Deindc
879 1990 985 2071 Sex.
1010 1995 1038 2070 J
1045 1994 1129 2068 ulii
1153 1995 1385 2071 Frontini·

79 2124 410 2203 commentarii
444 2125 495 2199 de
520 2125 908 2222 Aquaeductibus
936 2137 979 2200 et
1004 2122 1226 2204 Coloniis
1254 2129 1366 2203 recusi

79 2269 162 2333 sunt
194 2260 228 2331 in
264 2258 437 2356 0nnpbrii
469 2258 583 2332 Pam
575 2282 631 2329 mn
666 2256 900 2355 Reipublicae
925 2259 1109 2333 Romanae
1137 2257 1365 2339 Commenta·

78 2392 153 2485 riis,
180 2391 298 2464 Paris
325 2415 379 2463 an.
405 2388 515 2463 1588.
542 2388 635 2486 apud
653 2388 849 2487 Aegidium
871 2402 906 2464 et
922 2390 1111 2466 Nicolaum
1127 2390 1271 2468 Gillios.
1286 2392 1365 2491 (8).

79 2522 185 2617 Quae
222 2523 302 2597 edit'
279 2535 338 2617 tro,
381 2547 400 2595 e
432 2519 623 2622 Gymnasii
659 2527 772 2596 nostri
808 2523 1018 2598 bibliotheca
1057 2549 1078 2598 a
1116 2550 1172 2599 me
1212 2539 1363 2625 recepta,
1402 2520 1405 2617 l

77 2657 251 2733 simillima
276 2666 333 2729 est
319 2653 438 2728 tedit
414 2659 501 2728 troni
524 2651 690 2750 Jocundi,
731 2677 835 2752 quam
858 2656 1019 2730 Polenus
1051 2668 1199 2731 secutus
1224 2667 1293 2753 est,
1331 2668 1367 2732 ut
1402 2654 1405 2759 j

77 2790 182 2865 buius
215 2789 294 2863 loco
330 2811 400 2885 ego
432 2812 475 2861 ea
500 2811 590 2862 usus
615 2789 770 2862 sim—
795 2786 1026 2884 Sequerniurn
1053 2788 1239 2864 editionum
1267 2790 1365 2886 quasi
1403 2764 1405 2769 ⁵

76 2923 151 2999 dux
185 2932 242 2997 est
274 2919 417 2995 editio
450 2919 578 2994 Petri
610 2918 864 3013 Scriverii‚
903 2919 1125 3019 Antverp.
1158 2945 1221 2996 an.
1247 2919 1364 2996 mou:

76 3056 136 3154 qui
170 3057 204 3129 in
229 3051 385 3129 Praesat.
411 3076 453 3126 se
480 3077 527 3125 ex
552 3062 690 3151 septem
716 3052 896 3128 codicibus
922 3078 1027 3126 manu
1052 3056 1194 3152 scriptis
1219 3054 1364 3129 Fronti-

75 3214 159 3265 num
183 3186 396 3264 emendasse
420 3184 608 3284 gloriatum
644 3194 818 3259 ettamen
843 3185 927 3260 nibil
952 3186 1063 3259 attulit
1086 3186 1345 3284 srngnlar
1249 3210 1365 3283 e,

75 3321 124 3395 bd
157 3321 294 3395 omnino
328 3317 487 3417 proiecit.
560 3316 624 3391 Ex
659 3314 834 3394 Scriverii
874 3318 1025 3393 editione
1058 3318 1266 3393 Frontinum
1303 3342 1365 3393 re-

75 3452 176 3553 petiit
220 3452 399 3526 Robert
451 3446 758 3524 Keuchenius
801 3449 1083 3525 Amst.elaed
1132 3476 1197 3560 an.
1254 3449 1364 3525 1661

76 3588 242 3681 notisque
281 3583 370 3657 satis
404 3584 554 3681 prolixis
587 3580 778 3657 adornam't.
847 3580 925 3660 Sed
957 3582 1013 3657 bic
1047 3607 1187 3680 quoque
1221 3608 1365 3683 operam

74 3715 237 3817 perdidit,
284 3725 321 3789 et
343 3739 493 3812 prorsus
518 3716 604 3791 nibil
628 3713 674 3789 ad
698 3714 905 3789 Frontinum
932 3714 1184 3805 emendandum
1211 3716 1365 3791 contulit

74 3848 276 3943 Keuchenii
301 3845 450 3944 deniqne
476 3849 581 3923 editio
605 3848 743 3922 transiit
767 3852 802 3922 in
825 3843 974 3923 Graevii
987 3847 1235 3946 TbesAntiq.
1258 3849 1365 3925 Rom.

78 3981 124 4057 u.
148 3981 218 4057 lv.
243 4006 278 4079 p.
302 3978 413 4054 1624.
438 3979 606 4078 Lngdmr.
631 3982 757 4058 Batav.
783 4006 838 4057 an.
863 3979 974 4056 1697.

172 4111 319 4190 Novum
356 4110 483 4187 deinde
522 4112 623 4186 sidus
662 4113 822 4187 obortum
859 4112 979 4187 radios
1017 4136 1106 4186 suos
1140 4113 1304 4187 foventes
1329 4118 1364 4187 iu

76 4257 273 4347 torpentem
306 4244 419 4320 adbuc
452 4267 608 4320 massam
644 4250 762 4319 emisit
792 4246 1027 4341 tenebrasque
1053 4244 1225 4321 obductas
1250 4244 1365 4321 adbuc

74 4378 308 4457 densissimas
336 4377 518 4456 discussit.
569 4377 708 4455 Prodiit
732 4380 842 4455 enim:
871 4376 979 4458 Seru
1005 4378 1032 4453 J
1040 4379 1124 4453 ulii
1148 4379 1364 4455 Frontini
