<?xml version="1.0" encoding="UTF-8"?>
<!DOCTYPE html PUBLIC "-//W3C//DTD XHTML 1.0 Transitional//EN"
    "http://www.w3.org/TR/xhtml1/DTD/xhtml1-transitional.dtd">
<html xmlns="http://www.w3.org/1999/xhtml" xml:lang="en" lang="en">
 <head>
  <title>
</title>
<meta http-equiv="Content-Type" content="text/html;charset=utf-8" />
  <meta name='ocr-system' content='tesseract 3.04.00' />
  <meta name='ocr-capabilities' content='ocr_page ocr_carea ocr_par ocr_line ocrx_word'/>
</head>
<body>
  <div class='ocr_page' id='page_1' title='image "./sexjuliifrontin00dedegoog_0143.png"; bbox 0 0 2888 4710; ppageno 0'>
   <div class='ocr_carea' id='block_1_1' title="bbox 74 182 918 268">
    <p class='ocr_par' dir='ltr' id='par_1_1' title="bbox 74 182 918 268">
     <span class='ocr_line' id='line_1_1' title="bbox 74 182 918 268; baseline -0.004 -2"><span class='ocrx_word' id='word_1_1' title='bbox 74 190 124 266; x_wconf 75' lang='lat' dir='ltr'><strong>tt</strong></span> <span class='ocrx_word' id='word_1_2' title='bbox 512 182 918 268; x_wconf 62' lang='lat' dir='ltr'><strong>subornamus</strong></span> 
     </span>
    </p>
   </div>
   <div class='ocr_carea' id='block_1_2' title="bbox 179 417 1353 1097">
    <p class='ocr_par' dir='ltr' id='par_1_2' title="bbox 179 417 1353 1097">
     <span class='ocr_line' id='line_1_2' title="bbox 179 417 1352 522; baseline -0.005 -25"><span class='ocrx_word' id='word_1_3' title='bbox 179 432 303 522; x_wconf 82' lang='lat' dir='ltr'><strong>gusto,</strong></span> <span class='ocrx_word' id='word_1_4' title='bbox 348 419 441 520; x_wconf 89' lang='lat' dir='ltr'><strong>apud</strong></span> <span class='ocrx_word' id='word_1_5' title='bbox 477 418 636 497; x_wconf 89' lang='lat' dir='ltr'><strong>Atteium</strong></span> <span class='ocrx_word' id='word_1_6' title='bbox 672 418 881 520; x_wconf 78' lang='lat' dir='ltr'><strong>Capitonem</strong></span> <span class='ocrx_word' id='word_1_7' title='bbox 914 419 1078 518; x_wconf 84' lang='lat' dir='ltr'><strong>legimus.</strong></span> <span class='ocrx_word' id='word_1_8' title='bbox 1127 417 1229 517; x_wconf 82' lang='lat' dir='ltr'><strong>Agri</strong></span> <span class='ocrx_word' id='word_1_9' title='bbox 1265 440 1352 515; x_wconf 83' lang='lat' dir='ltr'><strong>uem,</strong></span> 
     </span>
     <span class='ocr_line' id='line_1_3' title="bbox 181 533 1352 635; baseline -0.007 -22"><span class='ocrx_word' id='word_1_10' title='bbox 181 540 239 635; x_wconf 86' lang='lat' dir='ltr'><strong>qui</strong></span> <span class='ocrx_word' id='word_1_11' title='bbox 273 561 363 634; x_wconf 83' lang='lat' dir='ltr'><strong>aqua</strong></span> <span class='ocrx_word' id='word_1_12' title='bbox 395 536 535 635; x_wconf 87' lang='lat' dir='ltr'><strong>publica</strong></span> <span class='ocrx_word' id='word_1_13' title='bbox 568 550 688 611; x_wconf 84' lang='lat' dir='ltr'><strong>contra</strong></span> <span class='ocrx_word' id='word_1_14' title='bbox 720 536 837 635; x_wconf 85' lang='lat' dir='ltr'><strong>legem</strong></span> <span class='ocrx_word' id='word_1_15' title='bbox 864 547 986 610; x_wconf 78' lang='lat' dir='ltr'><strong>essent</strong></span> <span class='ocrx_word' id='word_1_16' title='bbox 1011 533 1165 633; x_wconf 85' lang='lat' dir='ltr'><strong>irrigati,</strong></span> <span class='ocrx_word' id='word_1_17' title='bbox 1201 533 1352 632; x_wconf 81' lang='lat' dir='ltr'><strong>publica-</strong></span> 
     </span>
     <span class='ocr_line' id='line_1_4' title="bbox 179 648 1353 750; baseline -0.006 -20"><span class='ocrx_word' id='word_1_18' title='bbox 179 656 317 730; x_wconf 86' lang='lat' dir='ltr'><strong>bantur.</strong></span> <span class='ocrx_word' id='word_1_19' title='bbox 366 652 521 750; x_wconf 90' lang='lat' dir='ltr'><strong>Mancipi</strong></span> <span class='ocrx_word' id='word_1_20' title='bbox 547 653 668 748; x_wconf 89' lang='lat' dir='ltr'><strong>etiam,</strong></span> <span class='ocrx_word' id='word_1_21' title='bbox 705 654 736 725; x_wconf 92' lang='lat' dir='ltr'><strong>si</strong></span> <span class='ocrx_word' id='word_1_22' title='bbox 763 653 900 726; x_wconf 91' lang='lat' dir='ltr'><strong>omnino</strong></span> <span class='ocrx_word' id='word_1_23' title='bbox 927 649 1010 749; x_wconf 88' lang='lat' dir='ltr'><strong>quid</strong></span> <span class='ocrx_word' id='word_1_24' title='bbox 1033 672 1166 725; x_wconf 80' lang='lat' dir='ltr'><strong>semus</strong></span> <span class='ocrx_word' id='word_1_25' title='bbox 1192 650 1273 722; x_wconf 90' lang='lat' dir='ltr'><strong>eius</strong></span> <span class='ocrx_word' id='word_1_26' title='bbox 1292 648 1353 723; x_wconf 77' lang='lat' dir='ltr'><strong>ud-</strong></span> 
     </span>
     <span class='ocr_line' id='line_1_5' title="bbox 181 764 1353 865; baseline -0.004 -22"><span class='ocrx_word' id='word_1_27' title='bbox 181 791 312 851; x_wconf 88' lang='lat' dir='ltr'><strong>versus</strong></span> <span class='ocrx_word' id='word_1_28' title='bbox 337 768 455 864; x_wconf 82' lang='lat' dir='ltr'><strong>legem</strong></span> <span class='ocrx_word' id='word_1_29' title='bbox 480 768 641 865; x_wconf 81' lang='lat' dir='ltr'><strong>fecisset,</strong></span> <span class='ocrx_word' id='word_1_30' title='bbox 675 767 781 842; x_wconf 90' lang='lat' dir='ltr'><strong>multa</strong></span> <span class='ocrx_word' id='word_1_31' title='bbox 807 767 998 841; x_wconf 82' lang='lat' dir='ltr'><strong>dicebatur.</strong></span> <span class='ocrx_word' id='word_1_32' title='bbox 1047 765 1089 838; x_wconf 92' lang='lat' dir='ltr'><strong>In</strong></span> <span class='ocrx_word' id='word_1_33' title='bbox 1114 764 1245 839; x_wconf 87' lang='lat' dir='ltr'><strong>iisdem</strong></span> <span class='ocrx_word' id='word_1_34' title='bbox 1271 765 1353 863; x_wconf 85' lang='lat' dir='ltr'><strong>legi·</strong></span> 
     </span>
     <span class='ocr_line' id='line_1_6' title="bbox 181 880 1351 983; baseline -0.004 -26"><span class='ocrx_word' id='word_1_35' title='bbox 181 883 250 957; x_wconf 90' lang='lat' dir='ltr'><strong>bus</strong></span> <span class='ocrx_word' id='word_1_36' title='bbox 283 882 456 957; x_wconf 87' lang='lat' dir='ltr'><strong>adiectum</strong></span> <span class='ocrx_word' id='word_1_37' title='bbox 484 895 540 958; x_wconf 89' lang='lat' dir='ltr'><strong>est</strong></span> <span class='ocrx_word' id='word_1_38' title='bbox 569 886 636 957; x_wconf 90' lang='lat' dir='ltr'><strong>ita:</strong></span> <span class='ocrx_word' id='word_1_39' title='bbox 668 908 721 957; x_wconf 92' lang='lat' dir='ltr'><strong>ne</strong></span> <span class='ocrx_word' id='word_1_40' title='bbox 754 885 850 980; x_wconf 83' lang='lat' dir='ltr'><strong>quis</strong></span> <span class='ocrx_word' id='word_1_41' title='bbox 882 906 1032 983; x_wconf 86' lang='lat' dir='ltr'><strong>aquam</strong></span> <span class='ocrx_word' id='word_1_42' title='bbox 1063 880 1232 955; x_wconf 88' lang='lat' dir='ltr'><strong>oletato</strong></span> <span class='ocrx_word' id='word_1_43' title='bbox 1263 880 1351 953; x_wconf 92' lang='lat' dir='ltr'><strong>dolo</strong></span> 
     </span>
     <span class='ocr_line' id='line_1_7' title="bbox 182 984 1352 1097; baseline -0.003 -24"><span class='ocrx_word' id='word_1_44' title='bbox 182 984 315 1093; x_wconf 90' lang='lat' dir='ltr'><strong>malo,</strong></span> <span class='ocrx_word' id='word_1_45' title='bbox 342 986 803 1097; x_wconf 54' lang='lat' dir='ltr'><strong>ubi&#39;publicesaliet.</strong></span> <span class='ocrx_word' id='word_1_46' title='bbox 830 999 996 1095; x_wconf 89' lang='lat' dir='ltr'><strong>siquis</strong></span> <span class='ocrx_word' id='word_1_47' title='bbox 1022 996 1233 1090; x_wconf 86' lang='lat' dir='ltr'><strong>oletarit,</strong></span> <span class='ocrx_word' id='word_1_48' title='bbox 1262 1019 1352 1071; x_wconf 89' lang='lat' dir='ltr'><strong>ses-</strong></span> 
     </span>
    </p>
   </div>
   <div class='ocr_carea' id='block_1_3' title="bbox 112 1111 1363 2486">
    <p class='ocr_par' dir='ltr' id='par_1_3' title="bbox 183 1111 1355 1676">
     <span class='ocr_line' id='line_1_8' title="bbox 184 1111 1352 1216; baseline -0.003 -29"><span class='ocrx_word' id='word_1_49' title='bbox 184 1115 424 1189; x_wconf 80' lang='lat' dir='ltr'><strong>tertiorum</strong></span> <span class='ocrx_word' id='word_1_50' title='bbox 463 1113 617 1189; x_wconf 86' lang='lat' dir='ltr'><strong>decem</strong></span> <span class='ocrx_word' id='word_1_51' title='bbox 653 1114 841 1188; x_wconf 92' lang='lat' dir='ltr'><strong>millium</strong></span> <span class='ocrx_word' id='word_1_52' title='bbox 879 1113 1018 1188; x_wconf 87' lang='lat' dir='ltr'><strong>multa</strong></span> <span class='ocrx_word' id='word_1_53' title='bbox 1051 1123 1166 1216; x_wconf 86' lang='lat' dir='ltr'><strong>esto.</strong></span> <span class='ocrx_word' id='word_1_54' title='bbox 1220 1111 1352 1189; x_wconf 87' lang='lat' dir='ltr'><strong>Olctato</strong></span> 
     </span>
     <span class='ocr_line' id='line_1_9' title="bbox 183 1225 1353 1309; baseline -0.003 -5"><span class='ocrx_word' id='word_1_55' title='bbox 183 1230 321 1304; x_wconf 84' lang='lat' dir='ltr'><strong>videtur</strong></span> <span class='ocrx_word' id='word_1_56' title='bbox 347 1253 431 1304; x_wconf 88' lang='lat' dir='ltr'><strong>esse</strong></span> <span class='ocrx_word' id='word_1_57' title='bbox 458 1228 584 1304; x_wconf 90' lang='lat' dir='ltr'><strong>olidam</strong></span> <span class='ocrx_word' id='word_1_58' title='bbox 610 1231 725 1305; x_wconf 78' lang='lat' dir='ltr'><strong>lecito.</strong></span> <span class='ocrx_word' id='word_1_59' title='bbox 765 1229 881 1309; x_wconf 81' lang='lat' dir='ltr'><strong>Cuius</strong></span> <span class='ocrx_word' id='word_1_60' title='bbox 908 1232 959 1304; x_wconf 83' lang='lat' dir='ltr'><strong>roi</strong></span> <span class='ocrx_word' id='word_1_61' title='bbox 985 1253 1095 1303; x_wconf 85' lang='lat' dir='ltr'><strong>causa</strong></span> <span class='ocrx_word' id='word_1_62' title='bbox 1112 1227 1269 1303; x_wconf 84' lang='lat' dir='ltr'><strong>Aediles</strong></span> <span class='ocrx_word' id='word_1_63' title='bbox 1281 1225 1353 1305; x_wconf 73' lang='lat' dir='ltr'><strong>(lu-</strong></span> 
     </span>
     <span class='ocr_line' id='line_1_10' title="bbox 184 1345 1354 1443; baseline -0.002 -24"><span class='ocrx_word' id='word_1_64' title='bbox 184 1347 281 1420; x_wconf 87' lang='lat' dir='ltr'><strong>rules</strong></span> <span class='ocrx_word' id='word_1_65' title='bbox 315 1346 520 1420; x_wconf 90' lang='lat' dir='ltr'><strong>iubebantur</strong></span> <span class='ocrx_word' id='word_1_66' title='bbox 551 1370 614 1443; x_wconf 93' lang='lat' dir='ltr'><strong>per</strong></span> <span class='ocrx_word' id='word_1_67' title='bbox 641 1347 743 1420; x_wconf 89' lang='lat' dir='ltr'><strong>vicos</strong></span> <span class='ocrx_word' id='word_1_68' title='bbox 768 1345 931 1443; x_wconf 86' lang='lat' dir='ltr'><strong>singulos</strong></span> <span class='ocrx_word' id='word_1_69' title='bbox 957 1369 1003 1418; x_wconf 87' lang='lat' dir='ltr'><strong>ex</strong></span> <span class='ocrx_word' id='word_1_70' title='bbox 1028 1345 1092 1440; x_wconf 87' lang='lat' dir='ltr'><strong>iis,</strong></span> <span class='ocrx_word' id='word_1_71' title='bbox 1127 1345 1187 1440; x_wconf 86' lang='lat' dir='ltr'><strong>qui</strong></span> <span class='ocrx_word' id='word_1_72' title='bbox 1214 1349 1250 1417; x_wconf 89' lang='lat' dir='ltr'><strong>in</strong></span> <span class='ocrx_word' id='word_1_73' title='bbox 1275 1368 1354 1417; x_wconf 92' lang='lat' dir='ltr'><strong>uno·</strong></span> 
     </span>
     <span class='ocr_line' id='line_1_11' title="bbox 185 1460 1355 1559; baseline -0.002 -25"><span class='ocrx_word' id='word_1_74' title='bbox 185 1486 324 1559; x_wconf 87' lang='lat' dir='ltr'><strong>quoque</strong></span> <span class='ocrx_word' id='word_1_75' title='bbox 356 1463 435 1535; x_wconf 90' lang='lat' dir='ltr'><strong>vico</strong></span> <span class='ocrx_word' id='word_1_76' title='bbox 470 1460 663 1535; x_wconf 83' lang='lat' dir='ltr'><strong>habitarent</strong></span> <span class='ocrx_word' id='word_1_77' title='bbox 692 1461 880 1559; x_wconf 89' lang='lat' dir='ltr'><strong>praediave</strong></span> <span class='ocrx_word' id='word_1_78' title='bbox 906 1460 1092 1557; x_wconf 89' lang='lat' dir='ltr'><strong>baberent,</strong></span> <span class='ocrx_word' id='word_1_79' title='bbox 1128 1460 1235 1536; x_wconf 89' lang='lat' dir='ltr'><strong>binos</strong></span> <span class='ocrx_word' id='word_1_80' title='bbox 1259 1480 1355 1559; x_wconf 88' lang='lat' dir='ltr'><strong>prae-</strong></span> 
     </span>
     <span class='ocr_line' id='line_1_12' title="bbox 187 1576 1179 1676; baseline 0 -26"><span class='ocrx_word' id='word_1_81' title='bbox 187 1577 314 1672; x_wconf 86' lang='lat' dir='ltr'><strong>ficere,</strong></span> <span class='ocrx_word' id='word_1_82' title='bbox 343 1601 487 1673; x_wconf 84' lang='lat' dir='ltr'><strong>quorum</strong></span> <span class='ocrx_word' id='word_1_83' title='bbox 515 1576 797 1673; x_wconf 81' lang='lat' dir='ltr'><strong>arbitratusque</strong></span> <span class='ocrx_word' id='word_1_84' title='bbox 823 1579 856 1651; x_wconf 94' lang='lat' dir='ltr'><strong>in</strong></span> <span class='ocrx_word' id='word_1_85' title='bbox 882 1578 1021 1676; x_wconf 90' lang='lat' dir='ltr'><strong>publico</strong></span> <span class='ocrx_word' id='word_1_86' title='bbox 1047 1577 1179 1650; x_wconf 84' lang='lat' dir='ltr'><strong>saliret</strong></span> 
     </span>
    </p>

    <p class='ocr_par' dir='ltr' id='par_1_4' title="bbox 112 1690 1363 2486">
     <span class='ocr_line' id='line_1_13' title="bbox 112 1690 1358 1791; baseline -0.004 -23"><span class='ocrx_word' id='word_1_87' title='bbox 112 1693 161 1768; x_wconf 81' lang='grc'><strong>98</strong></span> <span class='ocrx_word' id='word_1_88' title='bbox 259 1692 402 1766; x_wconf 88' lang='lat' dir='ltr'><strong>Primus</strong></span> <span class='ocrx_word' id='word_1_89' title='bbox 428 1693 479 1766; x_wconf 89' lang='grc' dir='ltr'><strong>Μ.</strong></span> <span class='ocrx_word' id='word_1_90' title='bbox 505 1692 689 1791; x_wconf 84' lang='lat' dir='ltr'><strong>Agrippa,</strong></span> <span class='ocrx_word' id='word_1_91' title='bbox 726 1705 809 1791; x_wconf 89' lang='lat' dir='ltr'><strong>post</strong></span> <span class='ocrx_word' id='word_1_92' title='bbox 833 1692 1084 1788; x_wconf 90' lang='lat' dir='ltr'><strong>Aedilitatem,</strong></span> <span class='ocrx_word' id='word_1_93' title='bbox 1119 1716 1226 1788; x_wconf 89' lang='lat' dir='ltr'><strong>quam</strong></span> <span class='ocrx_word' id='word_1_94' title='bbox 1251 1690 1358 1791; x_wconf 84' lang='lat' dir='ltr'><strong>gessit</strong></span> 
     </span>
     <span class='ocr_line' id='line_1_14' title="bbox 187 1794 1359 1906; baseline -0.005 -21"><span class='ocrx_word' id='word_1_95' title='bbox 187 1805 415 1899; x_wconf 79' lang='lat' dir='ltr'><strong>Consularis,</strong></span> <span class='ocrx_word' id='word_1_96' title='bbox 444 1832 587 1905; x_wconf 88' lang='lat' dir='ltr'><strong>operum</strong></span> <span class='ocrx_word' id='word_1_97' title='bbox 614 1833 758 1882; x_wconf 88' lang='lat' dir='ltr'><strong>suorum</strong></span> <span class='ocrx_word' id='word_1_98' title='bbox 785 1823 821 1882; x_wconf 94' lang='lat' dir='ltr'><strong>et</strong></span> <span class='ocrx_word' id='word_1_99' title='bbox 847 1832 1027 1882; x_wconf 89' lang='lat' dir='ltr'><strong>munerum</strong></span> <span class='ocrx_word' id='word_1_100' title='bbox 1053 1807 1151 1881; x_wconf 88' lang='lat' dir='ltr'><strong>velut</strong></span> <span class='ocrx_word' id='word_1_101' title='bbox 1174 1794 1359 1906; x_wconf 84' lang='lat' dir='ltr'><strong>perpetuus</strong></span> 
     </span>
     <span class='ocr_line' id='line_1_15' title="bbox 186 1918 1361 2023; baseline -0.006 -21"><span class='ocrx_word' id='word_1_102' title='bbox 186 1921 342 2002; x_wconf 81' lang='lat' dir='ltr'><strong>Curatur</strong></span> <span class='ocrx_word' id='word_1_103' title='bbox 375 1922 457 2015; x_wconf 81' lang='lat' dir='ltr'><strong>luit3</strong></span> <span class='ocrx_word' id='word_1_104' title='bbox 493 1926 551 2019; x_wconf 90' lang='lat' dir='ltr'><strong>qui</strong></span> <span class='ocrx_word' id='word_1_105' title='bbox 576 1924 642 1998; x_wconf 89' lang='lat' dir='ltr'><strong>iam</strong></span> <span class='ocrx_word' id='word_1_106' title='bbox 670 1927 770 2023; x_wconf 88' lang='lat' dir='ltr'><strong>copia</strong></span> <span class='ocrx_word' id='word_1_107' title='bbox 795 1926 1015 2022; x_wconf 84' lang='lat' dir='ltr'><strong>permittente</strong></span> <span class='ocrx_word' id='word_1_108' title='bbox 1041 1922 1251 2022; x_wconf 83' lang='lat' dir='ltr'><strong>descripsit,</strong></span> <span class='ocrx_word' id='word_1_109' title='bbox 1287 1918 1361 2019; x_wconf 87' lang='lat' dir='ltr'><strong>quid</strong></span> 
     </span>
     <span class='ocr_line' id='line_1_16' title="bbox 187 2037 1361 2138; baseline -0.002 -26"><span class='ocrx_word' id='word_1_110' title='bbox 187 2062 355 2136; x_wconf 86' lang='lat' dir='ltr'><strong>aquarum</strong></span> <span class='ocrx_word' id='word_1_111' title='bbox 388 2038 538 2136; x_wconf 90' lang='lat' dir='ltr'><strong>publicis</strong></span> <span class='ocrx_word' id='word_1_112' title='bbox 573 2041 756 2137; x_wconf 84' lang='lat' dir='ltr'><strong>operibus,</strong></span> <span class='ocrx_word' id='word_1_113' title='bbox 798 2039 879 2137; x_wconf 91' lang='lat' dir='ltr'><strong>quid</strong></span> <span class='ocrx_word' id='word_1_114' title='bbox 911 2039 1066 2135; x_wconf 77' lang='lat' dir='ltr'><strong>lacibuS,</strong></span> <span class='ocrx_word' id='word_1_115' title='bbox 1107 2039 1190 2138; x_wconf 86' lang='lat' dir='ltr'><strong>quid</strong></span> <span class='ocrx_word' id='word_1_116' title='bbox 1223 2037 1361 2137; x_wconf 86' lang='lat' dir='ltr'><strong>privatis</strong></span> 
     </span>
     <span class='ocr_line' id='line_1_17' title="bbox 187 2153 1363 2253; baseline -0.003 -24"><span class='ocrx_word' id='word_1_117' title='bbox 187 2153 340 2229; x_wconf 87' lang='lat' dir='ltr'><strong>daretur.</strong></span> <span class='ocrx_word' id='word_1_118' title='bbox 396 2156 530 2231; x_wconf 91' lang='lat' dir='ltr'><strong>Habuit</strong></span> <span class='ocrx_word' id='word_1_119' title='bbox 567 2168 602 2229; x_wconf 90' lang='lat' dir='ltr'><strong>et</strong></span> <span class='ocrx_word' id='word_1_120' title='bbox 640 2157 800 2230; x_wconf 79' lang='lat' dir='ltr'><strong>familiam</strong></span> <span class='ocrx_word' id='word_1_121' title='bbox 839 2157 1030 2253; x_wconf 87' lang='lat' dir='ltr'><strong>propriam,</strong></span> <span class='ocrx_word' id='word_1_122' title='bbox 1070 2178 1240 2252; x_wconf 89' lang='lat' dir='ltr'><strong>aquarum</strong></span> <span class='ocrx_word' id='word_1_123' title='bbox 1279 2176 1363 2253; x_wconf 82' lang='lat' dir='ltr'><strong>quae</strong></span> 
     </span>
     <span class='ocr_line' id='line_1_18' title="bbox 186 2268 1363 2368; baseline 0.001 -26"><span class='ocrx_word' id='word_1_124' title='bbox 186 2280 344 2344; x_wconf 82' lang='lat' dir='ltr'><strong>meretur</strong></span> <span class='ocrx_word' id='word_1_125' title='bbox 369 2268 495 2345; x_wconf 92' lang='lat' dir='ltr'><strong>ductus</strong></span> <span class='ocrx_word' id='word_1_126' title='bbox 522 2283 624 2368; x_wconf 89' lang='lat' dir='ltr'><strong>atque</strong></span> <span class='ocrx_word' id='word_1_127' title='bbox 652 2272 797 2346; x_wconf 89' lang='lat' dir='ltr'><strong>castella</strong></span> <span class='ocrx_word' id='word_1_128' title='bbox 823 2284 858 2345; x_wconf 89' lang='lat' dir='ltr'><strong>et</strong></span> <span class='ocrx_word' id='word_1_129' title='bbox 881 2272 993 2345; x_wconf 80' lang='lat' dir='ltr'><strong>lacus</strong></span> <span class='ocrx_word' id='word_1_130' title='bbox 1044 2272 1148 2349; x_wconf 87' lang='lat' dir='ltr'><strong>Hanc</strong></span> <span class='ocrx_word' id='word_1_131' title='bbox 1172 2270 1363 2368; x_wconf 83' lang='lat' dir='ltr'><strong>Augustus</strong></span> 
     </span>
     <span class='ocr_line' id='line_1_19' title="bbox 189 2384 1022 2486; baseline 0.002 -28"><span class='ocrx_word' id='word_1_132' title='bbox 189 2384 378 2459; x_wconf 86' lang='lat' dir='ltr'><strong>hereditate</strong></span> <span class='ocrx_word' id='word_1_133' title='bbox 410 2387 452 2460; x_wconf 89' lang='lat' dir='ltr'><strong>ab</strong></span> <span class='ocrx_word' id='word_1_134' title='bbox 480 2411 522 2462; x_wconf 89' lang='lat' dir='ltr'><strong>eo</strong></span> <span class='ocrx_word' id='word_1_135' title='bbox 549 2388 617 2461; x_wconf 90' lang='lat' dir='ltr'><strong>sibi</strong></span> <span class='ocrx_word' id='word_1_136' title='bbox 641 2389 798 2462; x_wconf 89' lang='lat' dir='ltr'><strong>relictam</strong></span> <span class='ocrx_word' id='word_1_137' title='bbox 822 2388 1022 2486; x_wconf 88' lang='lat' dir='ltr'><strong>publicavit.</strong></span> 
     </span>
    </p>
   </div>
   <div class='ocr_carea' id='block_1_4' title="bbox 116 2500 1366 2718">
    <p class='ocr_par' dir='ltr' id='par_1_5' title="bbox 116 2500 1366 2718">
     <span class='ocr_line' id='line_1_20' title="bbox 116 2500 1364 2600; baseline 0 -25"><span class='ocrx_word' id='word_1_138' title='bbox 116 2500 164 2575; x_wconf 91' lang='grc'><strong>99</strong></span> <span class='ocrx_word' id='word_1_139' title='bbox 263 2501 356 2575; x_wconf 86' lang='lat' dir='ltr'><strong>Post</strong></span> <span class='ocrx_word' id='word_1_140' title='bbox 381 2527 479 2599; x_wconf 88' lang='lat' dir='ltr'><strong>eum,</strong></span> <span class='ocrx_word' id='word_1_141' title='bbox 508 2501 555 2594; x_wconf 79' lang='grc' dir='ltr'><strong>Ο.</strong></span> <span class='ocrx_word' id='word_1_142' title='bbox 580 2501 690 2578; x_wconf 88' lang='lat' dir='ltr'><strong>Aelio</strong></span> <span class='ocrx_word' id='word_1_143' title='bbox 713 2502 923 2600; x_wconf 73' lang='lat' dir='ltr'><strong>Tuberone,</strong></span> <span class='ocrx_word' id='word_1_144' title='bbox 950 2501 1192 2577; x_wconf 73' lang='lat' dir='ltr'><strong>PauloFabio</strong></span> <span class='ocrx_word' id='word_1_145' title='bbox 1210 2500 1364 2577; x_wconf 83' lang='lat' dir='ltr'><strong>Maximo</strong></span> 
     </span>
     <span class='ocr_line' id='line_1_21' title="bbox 192 2614 1366 2718; baseline -0.003 -24"><span class='ocrx_word' id='word_1_146' title='bbox 192 2614 320 2715; x_wconf 76' lang='lat' dir='ltr'><strong>Coss,</strong></span> <span class='ocrx_word' id='word_1_147' title='bbox 348 2623 384 2692; x_wconf 92' lang='lat' dir='ltr'><strong>in</strong></span> <span class='ocrx_word' id='word_1_148' title='bbox 409 2644 468 2716; x_wconf 87' lang='lat' dir='ltr'><strong>re,</strong></span> <span class='ocrx_word' id='word_1_149' title='bbox 497 2643 587 2716; x_wconf 88' lang='lat' dir='ltr'><strong>quae</strong></span> <span class='ocrx_word' id='word_1_150' title='bbox 612 2643 727 2716; x_wconf 88' lang='lat' dir='ltr'><strong>usque</strong></span> <span class='ocrx_word' id='word_1_151' title='bbox 751 2622 787 2696; x_wconf 92' lang='lat' dir='ltr'><strong>in</strong></span> <span class='ocrx_word' id='word_1_152' title='bbox 811 2619 847 2693; x_wconf 93' lang='lat' dir='ltr'><strong>id</strong></span> <span class='ocrx_word' id='word_1_153' title='bbox 871 2631 1030 2718; x_wconf 86' lang='lat' dir='ltr'><strong>tempus,</strong></span> <span class='ocrx_word' id='word_1_154' title='bbox 1065 2623 1170 2718; x_wconf 87' lang='lat' dir='ltr'><strong>quasi</strong></span> <span class='ocrx_word' id='word_1_155' title='bbox 1195 2628 1366 2718; x_wconf 75' lang='lat' dir='ltr'><strong>potestate</strong></span> 
     </span>
    </p>
   </div>
   <div class='ocr_carea' id='block_1_5' title="bbox 88 2819 335 2839">
    <p class='ocr_par' dir='ltr' id='par_1_6' title="bbox 88 2819 335 2839">
     <span class='ocr_line' id='line_1_22' title="bbox 88 2819 335 2839; baseline 0.004 -3"><span class='ocrx_word' id='word_1_156' title='bbox 88 2819 335 2839; x_wconf 56' lang='grc' dir='ltr'><strong><em>Μ</em></strong></span> 
     </span>
    </p>
   </div>
   <div class='ocr_carea' id='block_1_6' title="bbox 126 2930 1373 4410">
    <p class='ocr_par' dir='ltr' id='par_1_7' title="bbox 126 2930 1372 3320">
     <span class='ocr_line' id='line_1_23' title="bbox 126 2930 681 3016; baseline 0 -18"><span class='ocrx_word' id='word_1_157' title='bbox 126 2945 159 2998; x_wconf 82' lang='lat'><strong>98</strong></span> <span class='ocrx_word' id='word_1_158' title='bbox 232 2930 332 3016; x_wconf 73' lang='lat' dir='ltr'><strong>aaut)</strong></span> <span class='ocrx_word' id='word_1_159' title='bbox 354 2932 415 2997; x_wconf 85' lang='lat' dir='ltr'><strong>llJ</strong></span> <span class='ocrx_word' id='word_1_160' title='bbox 437 2940 468 2999; x_wconf 91' lang='lat' dir='ltr'><strong>ct</strong></span> <span class='ocrx_word' id='word_1_161' title='bbox 484 2951 553 2998; x_wconf 87' lang='lat' dir='ltr'><strong>rec:</strong></span> <span class='ocrx_word' id='word_1_162' title='bbox 574 2934 681 3002; x_wconf 78' lang='lat' dir='ltr'><strong>velati.</strong></span> 
     </span>
     <span class='ocr_line' id='line_1_24' title="bbox 237 3028 1369 3119; baseline -0.001 -24"><span class='ocrx_word' id='word_1_163' title='bbox 237 3037 287 3116; x_wconf 77' lang='lat' dir='ltr'><strong>pro·</strong></span> <span class='ocrx_word' id='word_1_164' title='bbox 314 3028 391 3116; x_wconf 77' lang='lat' dir='ltr'><strong>tam)</strong></span> <span class='ocrx_word' id='word_1_165' title='bbox 430 3036 521 3097; x_wconf 83' lang='lat' dir='ltr'><strong>Forte</strong></span> <span class='ocrx_word' id='word_1_166' title='bbox 550 3054 629 3118; x_wconf 80' lang='lat' dir='ltr'><strong>puae</strong></span> <span class='ocrx_word' id='word_1_167' title='bbox 655 3040 763 3113; x_wconf 81' lang='lat' dir='ltr'><strong>ettam,</strong></span> <span class='ocrx_word' id='word_1_168' title='bbox 794 3035 846 3098; x_wconf 82' lang='lat' dir='ltr'><strong>rel</strong></span> <span class='ocrx_word' id='word_1_169' title='bbox 875 3038 1077 3119; x_wconf 77' lang='lat' dir='ltr'><strong>quinetiam,</strong></span> <span class='ocrx_word' id='word_1_170' title='bbox 1108 3051 1164 3115; x_wconf 88' lang='lat' dir='ltr'><strong>pro</strong></span> <span class='ocrx_word' id='word_1_171' title='bbox 1194 3035 1246 3114; x_wconf 75' lang='lat' dir='ltr'><strong>par·</strong></span> <span class='ocrx_word' id='word_1_172' title='bbox 1273 3036 1369 3095; x_wconf 67' lang='lat' dir='ltr'><strong>asan.</strong></span> 
     </span>
     <span class='ocr_line' id='line_1_25' title="bbox 232 3228 1372 3320; baseline -0.003 -22"><span class='ocrx_word' id='word_1_173' title='bbox 232 3228 408 3320; x_wconf 80' lang='lat' dir='ltr'><strong>propriam)</strong></span> <span class='ocrx_word' id='word_1_174' title='bbox 429 3233 540 3311; x_wconf 75' lang='lat' dir='ltr'><strong>Helm.</strong></span> <span class='ocrx_word' id='word_1_175' title='bbox 564 3234 743 3311; x_wconf 76' lang='lat' dir='ltr'><strong>distinguit:</strong></span> <span class='ocrx_word' id='word_1_176' title='bbox 762 3233 913 3315; x_wconf 81' lang='lat' dir='ltr'><strong>familiam</strong></span> <span class='ocrx_word' id='word_1_177' title='bbox 931 3237 1089 3318; x_wconf 77' lang='lat' dir='ltr'><strong>propriant</strong></span> <span class='ocrx_word' id='word_1_178' title='bbox 1109 3251 1274 3313; x_wconf 70' lang='lat' dir='ltr'><strong>operareris,</strong></span> <span class='ocrx_word' id='word_1_179' title='bbox 1297 3249 1372 3314; x_wconf 74' lang='lat' dir='ltr'><strong>pasc</strong></span> 
     </span>
    </p>

    <p class='ocr_par' dir='ltr' id='par_1_8' title="bbox 155 3348 1098 3401">
     <span class='ocr_line' id='line_1_26' title="bbox 155 3348 1098 3401; baseline -0.007 1"><span class='ocrx_word' id='word_1_180' title='bbox 155 3374 160 3381; x_wconf 63' lang='grc'><em>«</em></span> <span class='ocrx_word' id='word_1_181' title='bbox 192 3348 270 3401; x_wconf 74' lang='lat' dir='ltr'><strong>tuor.</strong></span> <span class='ocrx_word' id='word_1_182' title='bbox 1096 3363 1098 3367; x_wconf 96' lang='lat'>·</span> 
     </span>
    </p>

    <p class='ocr_par' dir='ltr' id='par_1_9' title="bbox 148 3418 856 3514">
     <span class='ocr_line' id='line_1_27' title="bbox 148 3418 856 3514; baseline 0 -18"><span class='ocrx_word' id='word_1_183' title='bbox 148 3418 152 3425; x_wconf 38' lang='lat'>⁵</span> <span class='ocrx_word' id='word_1_184' title='bbox 233 3433 421 3514; x_wconf 77' lang='lat' dir='ltr'><strong>hereditate)</strong></span> <span class='ocrx_word' id='word_1_185' title='bbox 449 3431 479 3493; x_wconf 89' lang='lat' dir='ltr'>V</span> <span class='ocrx_word' id='word_1_186' title='bbox 500 3434 531 3494; x_wconf 90' lang='lat' dir='ltr'><strong>et</strong></span> <span class='ocrx_word' id='word_1_187' title='bbox 552 3431 627 3495; x_wconf 85' lang='lat' dir='ltr'><strong>cdd:</strong></span> <span class='ocrx_word' id='word_1_188' title='bbox 648 3432 856 3496; x_wconf 75' lang='lat' dir='ltr'><strong>hereditatem.</strong></span> 
     </span>
    </p>

    <p class='ocr_par' dir='ltr' id='par_1_10' title="bbox 128 3528 1373 4110">
     <span class='ocr_line' id='line_1_28' title="bbox 128 3528 1372 3612; baseline -0.007 -16"><span class='ocrx_word' id='word_1_189' title='bbox 128 3554 162 3608; x_wconf 82' lang='lat'><strong>99</strong></span> <span class='ocrx_word' id='word_1_190' title='bbox 235 3531 506 3596; x_wconf 70' lang='lat' dir='ltr'><strong>Paroream.</strong></span> <span class='ocrx_word' id='word_1_191' title='bbox 530 3528 635 3612; x_wconf 77' lang='lat' dir='ltr'><strong>Coss.)</strong></span> <span class='ocrx_word' id='word_1_192' title='bbox 663 3530 710 3593; x_wconf 84' lang='lat' dir='ltr'><strong>lta</strong></span> <span class='ocrx_word' id='word_1_193' title='bbox 731 3533 819 3594; x_wconf 90' lang='lat' dir='ltr'><strong>codd.</strong></span> <span class='ocrx_word' id='word_1_194' title='bbox 844 3534 890 3595; x_wconf 79' lang='lat' dir='ltr'><strong>nt</strong></span> <span class='ocrx_word' id='word_1_195' title='bbox 910 3534 940 3594; x_wconf 84' lang='lat' dir='ltr'><strong>in</strong></span> <span class='ocrx_word' id='word_1_196' title='bbox 962 3531 976 3594; x_wconf 97' lang='lat' dir='ltr'><strong>l</strong></span> <span class='ocrx_word' id='word_1_197' title='bbox 996 3530 1134 3593; x_wconf 86' lang='lat' dir='ltr'><strong>adiicitur</strong></span> <span class='ocrx_word' id='word_1_198' title='bbox 1155 3532 1281 3594; x_wconf 75' lang='lat' dir='ltr'><strong>iterum:</strong></span> <span class='ocrx_word' id='word_1_199' title='bbox 1302 3545 1372 3607; x_wconf 87' lang='lat' dir='ltr'><strong>pcr-</strong></span> 
     </span>
     <span class='ocr_line' id='line_1_29' title="bbox 195 3627 1373 3715; baseline -0.005 -21"><span class='ocrx_word' id='word_1_200' title='bbox 195 3649 314 3715; x_wconf 69' lang='lat' dir='ltr'><strong>peram,</strong></span> <span class='ocrx_word' id='word_1_201' title='bbox 336 3649 401 3693; x_wconf 88' lang='lat' dir='ltr'><strong>nam</strong></span> <span class='ocrx_word' id='word_1_202' title='bbox 422 3633 547 3692; x_wconf 84' lang='lat' dir='ltr'><strong>istorum</strong></span> <span class='ocrx_word' id='word_1_203' title='bbox 565 3632 655 3695; x_wconf 80' lang='lat' dir='ltr'><strong>Coss.</strong></span> <span class='ocrx_word' id='word_1_204' title='bbox 676 3648 736 3693; x_wconf 92' lang='lat' dir='ltr'><strong>non</strong></span> <span class='ocrx_word' id='word_1_205' title='bbox 758 3631 816 3692; x_wconf 85' lang='lat' dir='ltr'><strong>fult</strong></span> <span class='ocrx_word' id='word_1_206' title='bbox 835 3630 885 3693; x_wconf 88' lang='lat' dir='ltr'><strong>hlc</strong></span> <span class='ocrx_word' id='word_1_207' title='bbox 903 3629 1086 3694; x_wconf 83' lang='lat' dir='ltr'><strong>Consulatus</strong></span> <span class='ocrx_word' id='word_1_208' title='bbox 1107 3629 1269 3691; x_wconf 84' lang='lat' dir='ltr'><strong>sccundus.</strong></span> <span class='ocrx_word' id='word_1_209' title='bbox 1296 3627 1373 3689; x_wconf 85' lang='lat' dir='ltr'><strong>Pcr-</strong></span> 
     </span>
     <span class='ocr_line' id='line_1_30' title="bbox 196 3728 1372 3812; baseline -0.007 -19"><span class='ocrx_word' id='word_1_210' title='bbox 196 3749 296 3812; x_wconf 86' lang='lat' dir='ltr'><strong>pcram</strong></span> <span class='ocrx_word' id='word_1_211' title='bbox 319 3731 407 3792; x_wconf 79' lang='lat' dir='ltr'><strong>ettam</strong></span> <span class='ocrx_word' id='word_1_212' title='bbox 427 3731 459 3792; x_wconf 86' lang='lat' dir='ltr'><strong>ln</strong></span> <span class='ocrx_word' id='word_1_213' title='bbox 481 3729 549 3794; x_wconf 87' lang='lat' dir='ltr'><strong>cdd.</strong></span> <span class='ocrx_word' id='word_1_214' title='bbox 570 3749 626 3810; x_wconf 87' lang='lat' dir='ltr'><strong>pro</strong></span> <span class='ocrx_word' id='word_1_215' title='bbox 639 3730 741 3792; x_wconf 83' lang='lat' dir='ltr'><strong>Paulo</strong></span> <span class='ocrx_word' id='word_1_216' title='bbox 764 3733 812 3791; x_wconf 88' lang='lat' dir='ltr'><strong>cst</strong></span> <span class='ocrx_word' id='word_1_217' title='bbox 828 3730 866 3792; x_wconf 83' lang='grc' dir='ltr'><strong>Ρ.</strong></span> <span class='ocrx_word' id='word_1_218' title='bbox 895 3729 1027 3793; x_wconf 84' lang='lat' dir='ltr'><strong>Gesscrc</strong></span> <span class='ocrx_word' id='word_1_219' title='bbox 1048 3730 1145 3789; x_wconf 86' lang='lat' dir='ltr'><strong>autom</strong></span> <span class='ocrx_word' id='word_1_220' title='bbox 1167 3728 1372 3804; x_wconf 71' lang='lat' dir='ltr'><strong>magistratum</strong></span> 
     </span>
     <span class='ocr_line' id='line_1_31' title="bbox 196 3822 1372 3909; baseline -0.007 -17"><span class='ocrx_word' id='word_1_221' title='bbox 196 3850 224 3895; x_wconf 85' lang='lat' dir='ltr'><strong>a.</strong></span> <span class='ocrx_word' id='word_1_222' title='bbox 246 3829 282 3891; x_wconf 90' lang='lat' dir='ltr'><strong>U.</strong></span> <span class='ocrx_word' id='word_1_223' title='bbox 305 3832 375 3890; x_wconf 73' lang='lat' dir='ltr'><strong>tol.</strong></span> <span class='ocrx_word' id='word_1_224' title='bbox 407 3826 498 3890; x_wconf 72' lang='lat' dir='ltr'><strong>Pol.</strong></span> <span class='ocrx_word' id='word_1_225' title='bbox 531 3829 609 3893; x_wconf 81' lang='lat' dir='ltr'><strong>Edd.</strong></span> <span class='ocrx_word' id='word_1_226' title='bbox 629 3833 701 3909; x_wconf 87' lang='lat' dir='ltr'><strong>post</strong></span> <span class='ocrx_word' id='word_1_227' title='bbox 729 3829 765 3890; x_wconf 89' lang='lat' dir='ltr'><strong>J:</strong></span> <span class='ocrx_word' id='word_1_228' title='bbox 793 3832 901 3891; x_wconf 76' lang='lat' dir='ltr'><strong>iterum</strong></span> <span class='ocrx_word' id='word_1_229' title='bbox 929 3828 1017 3891; x_wconf 83' lang='lat' dir='ltr'><strong>Coss.</strong></span> <span class='ocrx_word' id='word_1_230' title='bbox 1043 3826 1074 3889; x_wconf 86' lang='lat' dir='ltr'>V</span> <span class='ocrx_word' id='word_1_231' title='bbox 1094 3825 1136 3887; x_wconf 79' lang='lat' dir='ltr'><strong>F:</strong></span> <span class='ocrx_word' id='word_1_232' title='bbox 1164 3844 1251 3890; x_wconf 78' lang='lat' dir='ltr'><strong>cons.</strong></span> <span class='ocrx_word' id='word_1_233' title='bbox 1269 3828 1306 3889; x_wconf 85' lang='lat'><strong>1.</strong></span> <span class='ocrx_word' id='word_1_234' title='bbox 1331 3822 1372 3887; x_wconf 88' lang='lat' dir='ltr'><strong>U:</strong></span> 
     </span>
     <span class='ocr_line' id='line_1_32' title="bbox 197 3921 1372 4008; baseline -0.008 -14"><span class='ocrx_word' id='word_1_235' title='bbox 197 3948 283 3994; x_wconf 80' lang='lat' dir='ltr'><strong>cons.</strong></span> <span class='ocrx_word' id='word_1_236' title='bbox 299 3931 333 3992; x_wconf 81' lang='lat'><strong>2.</strong></span> <span class='ocrx_word' id='word_1_237' title='bbox 354 3929 507 4008; x_wconf 85' lang='lat' dir='ltr'><strong>utromque</strong></span> <span class='ocrx_word' id='word_1_238' title='bbox 527 3945 582 4006; x_wconf 88' lang='lat' dir='ltr'><strong>pro</strong></span> <span class='ocrx_word' id='word_1_239' title='bbox 605 3927 835 3990; x_wconf 59' lang='lat' dir='ltr'><strong>Cosaaeiteram.</strong></span> <span class='ocrx_word' id='word_1_240' title='bbox 858 3926 903 3991; x_wconf 72' lang='lat' dir='ltr'><strong>Gt</strong></span> <span class='ocrx_word' id='word_1_241' title='bbox 923 3926 1085 3990; x_wconf 78' lang='lat' dir='ltr'><strong>Consulum</strong></span> <span class='ocrx_word' id='word_1_242' title='bbox 1104 3942 1206 4008; x_wconf 75' lang='lat' dir='ltr'><strong>reque.</strong></span> <span class='ocrx_word' id='word_1_243' title='bbox 1227 3923 1326 3988; x_wconf 75' lang='lat' dir='ltr'><strong>udan</strong></span> <span class='ocrx_word' id='word_1_244' title='bbox 1345 3921 1372 3985; x_wconf 87' lang='lat' dir='ltr'>V</span> 
     </span>
     <span class='ocr_line' id='line_1_33' title="bbox 196 4023 547 4110; baseline -0.014 -19"><span class='ocrx_word' id='word_1_245' title='bbox 196 4047 251 4110; x_wconf 87' lang='lat' dir='ltr'><strong>pro</strong></span> <span class='ocrx_word' id='word_1_246' title='bbox 273 4026 374 4090; x_wconf 80' lang='lat' dir='ltr'><strong>Paulo</strong></span> <span class='ocrx_word' id='word_1_247' title='bbox 395 4023 487 4092; x_wconf 83' lang='lat' dir='ltr'><strong>babet</strong></span> <span class='ocrx_word' id='word_1_248' title='bbox 507 4025 547 4087; x_wconf 83' lang='grc' dir='ltr'><strong>Ρ.</strong></span> 
     </span>
    </p>

    <p class='ocr_par' dir='ltr' id='par_1_11' title="bbox 196 4124 1373 4410">
     <span class='ocr_line' id='line_1_34' title="bbox 239 4124 939 4210; baseline 0.006 -22"><span class='ocrx_word' id='word_1_249' title='bbox 239 4146 317 4210; x_wconf 79' lang='lat' dir='ltr'><strong>pace</strong></span> <span class='ocrx_word' id='word_1_250' title='bbox 338 4143 433 4209; x_wconf 78' lang='lat' dir='ltr'><strong>usqae</strong></span> <span class='ocrx_word' id='word_1_251' title='bbox 451 4127 483 4186; x_wconf 82' lang='lat' dir='ltr'><strong>io</strong></span> <span class='ocrx_word' id='word_1_252' title='bbox 502 4124 554 4206; x_wconf 79' lang='lat' dir='ltr'><strong>id)</strong></span> <span class='ocrx_word' id='word_1_253' title='bbox 577 4125 659 4190; x_wconf 78' lang='lat' dir='ltr'><strong>Vl&#39;:</strong></span> <span class='ocrx_word' id='word_1_254' title='bbox 682 4146 760 4210; x_wconf 78' lang='lat' dir='ltr'><strong>poue</strong></span> <span class='ocrx_word' id='word_1_255' title='bbox 779 4126 814 4189; x_wconf 78' lang='lat' dir='ltr'><strong>id</strong></span> <span class='ocrx_word' id='word_1_256' title='bbox 834 4147 939 4210; x_wconf 81' lang='lat' dir='ltr'><strong>usqae.</strong></span> 
     </span>
     <span class='ocr_line' id='line_1_35' title="bbox 236 4221 1373 4308; baseline -0.008 -19"><span class='ocrx_word' id='word_1_257' title='bbox 236 4231 270 4290; x_wconf 78' lang='lat' dir='ltr'><strong>in</strong></span> <span class='ocrx_word' id='word_1_258' title='bbox 289 4246 324 4288; x_wconf 81' lang='lat' dir='ltr'><strong>rc</strong></span> <span class='ocrx_word' id='word_1_259' title='bbox 346 4243 425 4308; x_wconf 78' lang='lat' dir='ltr'><strong>qaae</strong></span> <span class='ocrx_word' id='word_1_260' title='bbox 444 4257 485 4269; x_wconf 91' lang='lat'><em>-</em></span> <span class='ocrx_word' id='word_1_261' title='bbox 506 4221 655 4304; x_wconf 69' lang='lat' dir='ltr'><strong>spuisset)</strong></span> <span class='ocrx_word' id='word_1_262' title='bbox 680 4225 901 4304; x_wconf 80' lang='lat' dir='ltr'><strong>Aaacolutlria,</strong></span> <span class='ocrx_word' id='word_1_263' title='bbox 928 4225 1014 4308; x_wconf 84' lang='lat' dir='ltr'><strong>quasi</strong></span> <span class='ocrx_word' id='word_1_264' title='bbox 1035 4221 1168 4285; x_wconf 82' lang='lat' dir='ltr'><strong>scribare</strong></span> <span class='ocrx_word' id='word_1_265' title='bbox 1189 4222 1373 4302; x_wconf 82' lang='lat' dir='ltr'><strong>incepisset:</strong></span> 
     </span>
     <span class='ocr_line' id='line_1_36' title="bbox 196 4319 1373 4410; baseline -0.005 -22"><span class='ocrx_word' id='word_1_266' title='bbox 196 4345 285 4410; x_wconf 71' lang='lat' dir='ltr'><strong>pam</strong></span> <span class='ocrx_word' id='word_1_267' title='bbox 304 4345 421 4392; x_wconf 83' lang='lat' dir='ltr'><strong>rea··.</strong></span> <span class='ocrx_word' id='word_1_268' title='bbox 441 4323 580 4388; x_wconf 71' lang='lat' dir='ltr'><strong>Hrtlltlt</strong></span> <span class='ocrx_word' id='word_1_269' title='bbox 605 4324 641 4387; x_wconf 91' lang='lat' dir='ltr'><strong>lu</strong></span> <span class='ocrx_word' id='word_1_270' title='bbox 661 4324 757 4389; x_wconf 85' lang='lat' dir='ltr'><strong>tribus</strong></span> <span class='ocrx_word' id='word_1_271' title='bbox 779 4325 866 4390; x_wconf 90' lang='lat' dir='ltr'><strong>codd.</strong></span> <span class='ocrx_word' id='word_1_272' title='bbox 887 4342 947 4388; x_wconf 88' lang='lat' dir='ltr'><strong>non</strong></span> <span class='ocrx_word' id='word_1_273' title='bbox 969 4326 1017 4388; x_wconf 87' lang='lat' dir='ltr'><strong>est</strong></span> <span class='ocrx_word' id='word_1_274' title='bbox 1032 4325 1185 4405; x_wconf 70' lang='lat' dir='ltr'><strong>erebro,</strong></span> <span class='ocrx_word' id='word_1_275' title='bbox 1206 4323 1240 4386; x_wconf 89' lang='lat' dir='ltr'><strong>ut</strong></span> <span class='ocrx_word' id='word_1_276' title='bbox 1260 4322 1293 4385; x_wconf 89' lang='lat' dir='ltr'><strong>in</strong></span> <span class='ocrx_word' id='word_1_277' title='bbox 1309 4319 1373 4393; x_wconf 83' lang='lat' dir='ltr'><strong>edd</strong></span> 
     </span>
    </p>
   </div>
   <div class='ocr_carea' id='block_1_7' title="bbox 0 0 1470 4710">
    <p class='ocr_par' dir='ltr' id='par_1_12' title="bbox 0 0 1470 4710">
     <span class='ocr_line' id='line_1_37' title="bbox 0 0 1470 4710; baseline 0 0"><span class='ocrx_word' id='word_1_278' title='bbox 0 0 1470 4710; x_wconf 95' lang='lat' dir='ltr'><strong> </strong></span> 
     </span>
    </p>
   </div>
  </div>
 </body>
</html>
