2888 4710
71 184 126 265 aa
421 168 1016 282 nnnounnnuouunus.

42 412 46 420 ’
172 433 237 497 ret.
286 421 527 498 Differentiam
551 423 688 519 unciae,
730 422 829 521 digiti
855 422 1012 519 quadrati
1039 434 1077 497 et
1101 420 1203 521 digiti
1229 408 1353 517 rotundi

174 546 210 612 et
233 537 347 636 ipsius
373 541 553 635 quinariae
577 551 618 612 ut
648 537 785 612 facilius
825 539 1063 636 dinosoamus,
1103 524 1274 616 utendum
1307 550 1354 613 est

175 652 371 729 substantia
398 655 587 751 quinariae,
627 655 686 750 qui
716 653 880 729 modulus
914 665 949 727 et
974 654 1200 741 certissimus
1227 664 1264 731 et
1286 638 1352 729 ma-

175 769 270 842 xime
295 780 462 868 receptus
488 783 554 844 est
605 768 742 847 Unciae
768 793 855 866 ergo
881 769 1046 844 modulus
1073 769 1179 845 habet
1205 768 1352 845 diametri

174 882 321 982 digitum
345 910 450 959 unum
477 870 512 960 et
535 886 695 960 trientem
722 884 841 982 digiti3
881 888 974 983 capit
1004 887 1197 981 quinariam
1223 899 1262 962 et
1283 886 1354 985 plus

172 1001 351 1096 quinariae
377 1006 515 1099 octavi,
542 1000 611 1075 lroe
636 1012 693 1083 est
717 1004 906 1076 sescuncit
931 1003 1111 1097 quinariae
1137 1011 1173 1076 et
1189 1003 1353 1101 scripulis

176 1116 291 1191 tribus
316 1126 352 1190 et
375 1118 486 1192 besse
511 1118 665 1214 scripuli.
715 1116 862 1215 Digitus
890 1116 1091 1215 quadratus,
1118 1118 1154 1191 in
1179 1116 1353 1201 rotundum

174 1231 355 1331 redactus
396 1233 499 1308 habet
530 1234 687 1307 diametri
719 1232 864 1330 digitum
890 1257 997 1307 unum
1023 1246 1059 1307 et
1084 1231 1184 1331 digiti
1210 1257 1352 1309 sescun-

173 1348 274 1445 ciam,
308 1351 518 1449 scripulum3
557 1350 652 1446 capit
677 1350 857 1445 quinariae
883 1348 1097 1445 dodrantem,
1125 1350 1352 1444 sescuncian,

173 1465 355 1540 sicilicum.
380 1465 530 1565 Digitus
557 1462 728 1538 rotundus
756 1463 861 1538 habet
885 1463 1043 1539 diametri
1065 1464 1215 1562 digitum
1239 1488 1353 1557 unumq

173 1581 268 1679 capit
293 1581 475 1678 quinariae
500 1593 718 1678 septuneem,
747 1582 973 1676 semunciam,
1002 1582 1189 1655 sextulam.

98 1692 151 1768 27
250 1693 420 1775 Ceterum
446 1695 587 1798 moduli,
616 1698 673 1793 qui
706 1721 728 1769 a
753 1697 908 1792 quinaria
935 1698 1101 1792 oriuntur,
1129 1696 1272 1772 duobm
1295 1719 1355 1795 ge·

74 1860 304 1880 δ’*

184 1960 287 2025 deleto
309 1980 408 2046 quum,
441 1963 625 2025 retinendum
653 1980 722 2024 esse
749 1961 886 2041 putatam
908 1961 957 2023 lrlc
979 1966 1010 2026 et
1031 1963 1180 2025 slnrllllmo
1203 1963 1275 2025 loeo
1296 1962 1356 2025 Art

174 2065 280 2123 88.·-
297 2061 462 2125 Praeterea
480 2061 531 2123 liic
554 2065 585 2123 et
605 2062 713 2145 ubique
736 2060 764 2123 U
783 2062 803 2123 J
823 2065 855 2123 et
876 2080 939 2123 ree.
963 2066 1133 2125 constanter
1154 2065 1279 2126 seruent
1299 2062 1359 2124 lor-

175 2178 250 2222 mana
270 2162 448 2245 scripulum,
471 2179 536 2224 cum
558 2163 588 2223 ln
610 2159 721 2222 ceteris
742 2159 831 2221 libris
851 2163 893 2223 sit
913 2162 1100 2245 scrupalum.

214 2267 249 2323 et
266 2258 357 2342 depici
376 2256 582 2341 meracium]
626 2259 711 2321 Haec
737 2260 832 2321 verba
858 2261 890 2321 et
917 2279 994 2343 qnae
1020 2263 1184 2343 sequnntur
1213 2259 1360 2344 usquead

175 2363 263 2442 eupit
281 2363 442 2443 quinariae
461 2360 499 2421 ad
521 2358 611 2421 linem·
627 2358 714 2421 huius
735 2359 806 2421 nrt.
836 2358 864 2424 ln
885 2378 950 2421 mea
972 2359 1088 2441 quidem
1111 2360 1227 2421 oodiois
1249 2358 1278 2423 U
1298 2358 1361 2421 oul-

176 2457 287 2520 latlone
309 2459 425 2524 desunt.
470 2458 569 2545 Quare
597 2458 751 2520 admodum
774 2459 876 2536 erinon,
908 2459 988 2541 quud
1009 2463 1105 2520 tamen
1126 2459 1263 2523 Polenus
1284 2458 1361 2529 dlclt,

176 2557 206 2621 ln
226 2556 286 2620 hoe
308 2557 375 2621 eod.
397 2556 462 2637 legi
484 2565 516 2620 et
536 2556 624 2637 dipiti
650 2562 840 2622 sescunciam
866 2558 1025 2639 scalatum,
1061 2562 1093 2620 et
1117 2561 1239 2638 postea,
1274 2561 1362 2621 totum

176 2657 274 2719 locum
304 2659 333 2717 ln
361 2675 398 2718 eo
426 2674 497 2717 esse
526 2656 729 2736 depravatum.
772 2654 807 2717 ln
829 2652 894 2718 CJ
921 2660 1034 2737 atreo.
1056 2656 1143 2720 loeus
1164 2658 1211 2719 sle
1232 2656 1361 2736 legitur:

176 2761 364 2818 sescuncium
386 2750 449 2831 (Gt
471 2756 633 2836 saeuae.)
664 2766 781 2820 sextum
802 2750 841 2831 (J
862 2759 894 2817 et
913 2775 977 2818 ree.
999 2758 1167 2837 sextulam)
1189 2759 1280 2837 eupit
1298 2759 1363 2840 qui-

176 2859 286 2917 nariae
307 2855 489 2917 dextantem.
531 2856 659 2934 Dipitaa
687 2863 745 2918 rot.
773 2857 833 2918 ete.
876 2854 939 2917 Sed
960 2854 1067 2919 l’oleni
1087 2854 1257 2919 emendatio
1279 2856 1364 2918 avl-

176 2954 219 3016 ris
240 2953 487 3041 doetis'prolmta
508 2957 568 3016 est.

111 3073 144 3126 27
219 3053 283 3116 Eat
301 3073 399 3132 mem,
434 3056 597 3134 cumipse
617 3050 719 3135 malt.)
763 3049 852 3116 GU:
889 3056 1048 3136 accipiunt
1066 3061 1099 3117 et
1117 3074 1179 3116 aaa
1200 3072 1268 3116 eene
1297 3057 1364 3137 ipen

176 3153 425 3236 multiplicentur.
454 3152 640 3228 ..iungebant
668 3152 814 3215 videlicet
838 3152 916 3215 hano
943 3152 1117 3215 sententiam
1144 3170 1210 3214 eum
1238 3171 1362 3234 praeee-

177 3253 279 3331 dente,
307 3255 339 3313 et
365 3249 593 3329 intelligebant,
622 3247 759 3313 modulos
787 3271 851 3314 cum
879 3253 1010 3333 quinaria
1036 3251 1239 3333 multiplicari.
1284 3252 1363 3315 flam

177 3371 269 3415 causa
289 3369 360 3414 esse
380 3350 514 3426 videtur,
549 3365 602 3411 eur
626 3349 656 3411 in
681 3349 792 3413 ceteris
818 3368 936 3433 quoque
963 3349 1050 3412 libris
1070 3350 1317 3431 deprehendatur
1336 3358 1365 3413 et

177 3467 250 3527 aaa,
281 3452 376 3513 verbo
405 3452 502 3512 nmen
528 3447 672 3526 singulari
700 3467 821 3511 numero
844 3465 1005 3529 expresso.
1047 3451 1094 3513 Et
1112 3470 1201 3513 anem
1221 3450 1362 3513 emenda-

179 3551 223 3612 tlo
250 3553 298 3611 est
317 3548 438 3628 Potoni,
472 3565 558 3632 quam
585 3549 679 3610 vertit
701 3546 862 3625 „Ntmllolr
891 3547 1048 3633 ersteus.“
1091 3548 1155 3612 Sed
1181 3552 1254 3634 qula
1281 3552 1365 3613 deest

178 3648 314 3725 verbum,
340 3647 420 3728 quod
442 3648 551 3709 abesse
572 3648 688 3709 omnino
711 3647 824 3729 nequit,
854 3647 933 3709 edidi
953 3649 1018 3711 liat
1035 3670 1133 3726 emm,
1166 3648 1234 3713 soll.
1256 3668 1363 3729 genos.

181 3746 313 3827 Respice
334 3747 404 3809 Art.
426 3748 482 3813 28:
510 3747 647 3811 Alterum
666 3765 761 3827 penae
781 3754 838 3809 eat.
886 3747 990 3830 Atque
1010 3748 1053 3811 ita
1074 3749 1262 3813 emendatum
1279 3750 1364 3812 video

180 3848 270 3908 etiam
292 3844 329 3907 alt
350 3845 456 3913 Helnr.

220 3945 343 4019 iumine)
365 3943 389 4006 li
412 3943 458 4006 0:
481 3945 593 4023 liniae,
614 3947 647 4008 ut
666 3945 744 4007 luira
764 3945 885 4008 liminis.

221 4048 254 4107 ie
274 4043 400 4127 quites)
441 4043 585 4108 Refertur
610 4047 647 4107 ad
670 4049 839 4128 quinarias.
882 4044 1026 4108 Usltatlus
1048 4048 1079 4108 in
1100 4058 1170 4130 quo,
1191 4064 1252 4128 qua
1275 4047 1305 4109 lu
1327 4064 1366 4109 rr.

180 4143 319 4209 lllllNR.
360 4141 435 4208 san.
456 4140 511 4209 lv.
535 4150 592 4205 lt:
615 4148 646 4207 ia
667 4164 737 4227 quo,
759 4146 822 4223 „da
843 4145 957 4209 dcun“.

221 4244 401 4307 distantem
420 4243 490 4324 fere
509 4263 588 4306 me
607 4247 639 4307 is
659 4247 759 4316 11111111)
787 4243 867 4308 Geli.
885 4242 910 4305 l.
934 4247 963 4306 i.
987 4265 1013 4306 s.
1042 4242 1091 4310 m.
1119 4243 1248 4326 Solopp.
1277 4244 1366 4323 Susp.

182 4343 266 4409 hcet.
294 4362 326 4424 p.
347 4347 396 4408 di.
419 4342 559 4409 Gerlach.
586 4343 622 4405 ad
645 4342 770 4406 Sallust.
796 4349 843 4406 19.
869 4364 900 4424 p.
923 4348 960 4408 il
984 4366 1030 4428 sq.
1051 4344 1191 4409 Hlllllli.
1234 4344 1282 4409 lta
1302 4346 1368 4408 Pol.
