2888 4710
83 162 217 243 XXVI
581 157 906 239 PRAFFA'FIO.

81 398 176 473 tione
200 396 332 472 rimosa
357 404 393 470 et
416 393 625 470 cicatricosa
649 393 816 469 sensibus
851 403 887 468 et
918 390 1039 468 verbis
1071 397 1256 465 auctorum
1289 411 1375 486 per·

82 530 215 630 ceptis,
250 537 348 604 recto
382 526 510 602 iudicio
536 524 741 622 sarciendo,
775 527 896 624 lingua
925 525 1130 601 restituetur
1155 532 1191 598 et
1214 520 1375 596 doctrine

81 660 291 762 priscorum.
315 660 446 734 Vale.“
475 659 595 737 Unum
618 658 703 733 illud
729 658 930 755 exemplar,
957 682 979 731 a
1002 654 1170 734 Jocuudo
1195 653 1374 729 collatum.

81 791 178 891 quod
202 793 324 890 suerit,
345 814 471 891 “supra
504 791 841 884 demonstravimus3
877 791 941 864 suit
964 791 1127 887 antiquus
1153 786 1293 882 codex,
1328 809 1374 860 ex

80 949 151 1023 quo
177 923 293 999 codex
317 925 516 1019 Parisinus,
557 922 696 1021 dequo
723 946 832 1022 supra
857 922 1134 1020 disputavimus,
1170 918 1374 1019 descriptus

81 1066 148 1132 est
198 1056 308 1131 Furat
332 1067 450 1131 nutem
474 1055 645 1153 Polenus,
674 1080 720 1130 en
747 1053 918 1154 epistolae
949 1053 1071 1130 verbis
1104 1056 1192 1154 (cx
1225 1050 1372 1128 colla·

79 1188 206 1264 tione
229 1187 595 1286 impressorum)
621 1187 842 1283 coniectans,
877 1186 1080 1262 Jocundum
1103 1192 1246 1286 praeter
1277 1182 1372 1257 illum

80 1321 240 1396 codicem
278 1320 382 1395 etiam
415 1319 504 1394 alias
537 1317 617 1394 edd.
661 1319 874 1416 antiquiores
916 1319 1129 1395 contulisse:
1177 1339 1259 1391 nam
1291 1312 1370 1393 nibil

82 1451 178 1528 aliud
203 1452 321 1527 dicere
345 1452 475 1549 voluit,
510 1474 615 1549 quam
639 1475 706 1526 sua
733 1476 841 1550 opera
867 1449 1139 1526 emendatiorem
1164 1447 1369 1523 Frontinum

78 1584 116 1660 in
139 1585 254 1662 lucem
278 1583 477 1684 prodiisse,
517 1583 610 1682 quod
636 1607 736 1657 suam
765 1582 950 1658 editionem
976 1608 1057 1658 cum
1082 1593 1185 1656 antea
1214 1579 1369 1679 vulgatis

79 1718 295 1815 comparanti
321 1716 540 1814 exploratum
565 1716 607 1789 iri
632 1715 791 1790 affirmat
848 1715 908 1791 De
937 1714 1041 1789 buius
1069 1713 1230 1789 editionis
1256 1713 1369 1787 virtu·

79 1848 174 1923 tibus
199 1849 289 1922 inter
315 1871 439 1922 omnes
466 1857 616 1922 constat.
667 1848 718 1925 Ut
755 1847 871 1922 codex
897 1846 1134 1925 Cassinensis
1173 1867 1300 1918 omnes
1324 1843 1369 1917 li·

78 1980 166 2057 bros
189 2004 296 2056 manu
321 1981 474 2078 scriptos
499 1979 607 2078 longe
633 1990 797 2076 superet,
833 1981 881 2053 ita
907 1978 1012 2054 editio
1037 1975 1191 2081 Jocundi
1219 1976 1369 2051 omniurn

79 2137 169 2213 ques
194 2115 358 2189 novimus
385 2112 573 2186 editIonum
599 2111 702 2185 facile
726 2112 891 2210 princeps
918 2109 1076 2186 habenda
1102 2119 1168 2184 est.
1213 2107 1370 2185 Contulit

78 2270 158 2322 eam
199 2272 280 2323 cum
313 2244 465 2322 editione
496 2244 624 2318 Poleni
659 2242 888 2341 Schultnius,
928 2243 1163 2338 diversasque
1196 2240 1368 2315 lectiones
1412 2270 1414 2289 ¹

79 2402 204 2453 omnes
229 2379 265 2452 in
291 2377 395 2452 buius
422 2375 589 2451 editionis
613 2377 772 2474 margine
793 2376 1011 2474 perscripsit.
1037 2374 1079 2449 In
1103 2372 1266 2449 manibus
1294 2395 1370 2450 eam
1412 2418 1414 2423 ·

79 2510 201 2586 babuit
227 2511 407 2606 Poleous,
442 2508 509 2582 sed
533 2519 682 2583 secutus
709 2532 778 2583 non
805 2519 878 2583 est:
914 2533 994 2583 nam
1019 2505 1075 2581 bic
1100 2510 1158 2580 vir
1182 2504 1314 2581 doctus
1338 2504 1369 2579 si

77 2644 114 2717 in
139 2647 218 2717 suis
243 2641 526 2717 annotationibus
547 2639 736 2715 editionem
759 2639 914 2716 Jocundi
941 2648 1202 2734 commemorat,
1229 2660 1388 2735 semper.

79 2774 135 2849 ed.
160 2776 243 2849 Joc.
268 2773 426 2848 secunda
459 2773 684 2871 intelligenda
719 2786 787 2848 est.
839 2770 934 2850 Cum
974 2773 1065 2847 onim
1102 2771 1296 2847 Frontinus
1334 2781 1371 2846 et

78 2908 269 2981 Vitruvius
293 2931 363 2981 uno
390 2907 566 2980 volumine
592 2908 863 3001 continerentur,
891 2917 1017 3002 postea
1041 2906 1234 2982 Frontinus
1259 2927 1394 3002 sepa·.

78 3040 179 3113 ratim
213 3063 371 3114 excusus
404 3048 461 3111 est
502 3049 539 3113 et
570 3039 781 3136 inscriptus:
841 3037 1002 3113 Julius
1035 3038 1293 3113 Frontinus
1319 3034 1372 3109 de

77 3171 469 3270 Aquaeductibus
508 3196 529 3244 a
561 3169 774 3245 Jocundo
814 3195 957 3268 nuper
988 3170 1177 3244 revisus
1202 3169 1370 3242 iterum

78 3314 143 3402 et,
196 3315 407 3401 quantum
459 3329 512 3378 ex
563 3302 816 3377 collatione
867 3302 1020 3399 licuit,
1068 3310 1368 3400 repurgatus.

77 3435 290 3534 Postremus
327 3447 443 3511 tamen
493 3433 675 3533 pagellas,
715 3435 750 3507 in
788 3434 916 3530 quibus
955 3446 1089 3529 errata,
1138 3457 1252 3509 aurius
1290 3431 1368 3507 edi·-

78 3569 206 3663 tionis,
254 3568 358 3643 locus
409 3578 444 3644 et
493 3565 707 3668 typographi
757 3590 884 3640 nornen
934 3579 1080 3666 recepta
1130 3576 1247 3662 erant,
1299 3590 1369 3641 non

53 3688 322 3797 ¹adiunrerunt.
383 3700 468 3775 Non
517 3700 623 3775 multo
677 3708 794 3773 autem
839 3708 922 3797 post
967 3699 1072 3775 editio
1123 3698 1206 3774 Joc.
1244 3699 1368 3775 iterum

78 3857 210 3908 recusa
259 3844 318 3908 est
371 3857 451 3907 oum
493 3833 681 3928 Vitruvio,
734 3832 791 3905 cui
837 3831 978 3907 editioni
1022 3831 1079 3906 bic
1123 3831 1264 3905 titulus:
1318 3832 1368 3907 M.

76 3966 292 4041 Vitruvii
326 3963 375 4040 de
408 3963 741 4040 Architectura
775 3964 884 4039 libri
918 3964 1072 4040 decem
1104 3989 1249 4062 nuper
1282 3989 1368 4039 ma·

76 4100 196 4174 xima
233 4096 486 4197 diligentia
526 4097 753 4196 castigati
790 4107 927 4195 atque
964 4098 1147 4192 excusi,
1192 4095 1369 4171 additis

75 4233 195 4308 Julii
227 4232 445 4309 Frontini
482 4229 535 4304 de
567 4229 966 4327 Aquaeductibus
1004 4231 1142 4305 libris
1179 4239 1370 4328 propter

77 4367 300 4441 materiae
338 4364 630 4440 affinitatem.
694 4365 966 4441 Florentiae
1006 4390 1068 4440 an.
1107 4362 1217 4441 1522.
1280 4365 1369 4442 Per
