2888 4710
526 168 930 251 nnoN'rINUs

179 404 363 501 cujusque,
387 401 675 500 modulorumque
690 403 860 477 rationem
884 412 920 477 et
946 425 1035 499 quae
1060 402 1288 500 erogationes
1312 404 1351 481 ab

177 520 247 592 illis
273 518 386 591 laetae
412 519 497 610 sint;
524 528 688 613 quantum
706 528 805 592 extra
817 517 963 614 Urbem,
992 528 1156 615 quantum
1180 520 1269 594 intra
1282 520 1351 599 Ur·

178 635 260 709 bem
290 634 476 729 unicuique
508 634 644 731 regioni
676 659 739 731 pro
766 659 833 708 suo
858 633 962 708 modo
988 658 1219 732 unaquaeque
1244 660 1351 733 aque·

176 773 254 823 rum
281 749 432 842 seruiat3
467 760 551 845 quot
576 749 722 824 castella
747 750 886 849 publica
911 752 1115 848 privataque
1141 752 1222 848 sint,
1251 762 1353 826 etex
1398 736 1400 773 ³

177 863 232 939 bis
264 874 427 959 quantum
459 866 608 962 publicis
642 867 819 962 operibus
863 876 1025 961 quantum
1057 867 1274 965 muneribus,
1308 907 1354 921 —

177 981 224 1051 ita
251 980 341 1052 errim
367 979 532 1055 cultiores
565 983 737 1079 appellant
760 1025 821 1078 ·-‚
863 992 1027 1079 qnantum
1050 982 1199 1079 lacibus,
1245 1005 1353 1080 qnan-

177 1104 250 1167 tum
275 1095 412 1169 nomine
438 1094 622 1194 Caesaris,
650 1110 814 1195 quantum
839 1100 1053 1196 privatorum
1078 1098 1160 1172 usui
1184 1097 1354 1173 beneficio

178 1209 354 1307 Principis
380 1209 499 1306 detur;
540 1213 633 1309 quod
664 1215 720 1287 ius
753 1213 989 1289 ducendarum
1013 1212 1290 1312 tuendarumque
1314 1214 1356 1288 sit

180 1349 318 1418 earum3
359 1350 448 1423 quae
481 1329 517 1401 id
550 1330 708 1403 sanciant
741 1355 887 1428 poenae,
927 1355 973 1404 ex
1004 1331 1157 1428 legibus
1198 1328 1355 1410 Senatus

179 1442 350 1515 consultis
376 1452 411 1516 et
434 1444 604 1519 mandatis
629 1446 832 1544 Principum
856 1447 1044 1543 irrogatae.

129 1554 155 1629 4
277 1556 340 1631 Ab
375 1558 474 1663 Urbe
514 1560 651 1634 condita
689 1587 753 1659 per
785 1585 895 1636 annos
934 1559 1176 1640 ccccm
1208 1559 1357 1635 contenti

180 1669 318 1745 suerunt
350 1672 502 1749 Romani
534 1700 605 1751 usu
637 1702 815 1774 aquarum,
859 1701 948 1773 quas
981 1687 1041 1751 aut
1073 1701 1120 1752 ex
1144 1677 1278 1752 'liberi-
1303 1685 1359 1750 ant

180 1811 226 1860 ex
258 1788 374 1886 puteis
407 1801 467 1864 aut
491 1816 536 1865 ex
562 1793 714 1869 lontibus
740 1793 952 1868 hauriebant.
1002 1793 1167 1872 Fontium
1192 1793 1358 1867 memoria

180 1925 261 1975 cunr
286 1906 467 1980 sanctitate
493 1906 606 1982 adbuc
632 1919 748 1984 exstat
772 1920 807 1983 et
832 1910 972 1984 colitur:
1006 1909 1245 1984 salubritatem
1270 1909 1359 1983 eninr

143 2068 147 2077 ·
181 2018 302 2116 aegris
341 2024 547 2120 corporibus
574 2025 698 2099 ailerre
725 2024 935 2121 creemur,
976 2026 1068 2100 sicut
1100 2022 1359 2102 camoenarum

184 2143 220 2206 et
242 2133 422 2234 Apollinis
449 2150 484 2213 et
502 2141 685 2215 Jutmnae.
735 2143 842 2217 Nunc
863 2152 979 2215 autem
999 2145 1034 2215 in
1046 2141 1182 2219 Urbem
1194 2139 1356 2214 influunt:

181 2270 272 2345 aqua
295 2252 427 2351 Appia,
454 2255 551 2331 Anio
577 2257 707 2354 Vetus²
734 2257 881 2352 Marcia,
917 2257 1064 2356 Tepula,
1092 2257 1199 2353 Julia,
1226 2255 1357 2355 Virgo,

179 2363 368 2554 glsietina,
412 2394 502 2469 quae
528 2372 651 2447 eadem
674 2385 822 2448 vocatur
845 2374 1029 2472 Augusta,
1064 2371 1227 2469 Claudia,
1262 2371 1358 2448 Anio

219 2504 321 2558 orus.

132 2590 332 2697 bssffiM.
357 2602 505 2678 Valerio
530 2605 699 2701 Maximo,
735 2605 779 2678 l’.
812 2605 928 2680 Decio
962 2607 1068 2680 Mure
1102 2603 1224 2702 Coss,
1269 2628 1359 2680 anno

80 2703 110 2804 l,
179 2723 262 2808 post
285 2716 415 2792 initium
436 2718 619 2798 Samnitici
636 2723 720 2798 belli
733 2721 882 2818 XXXI,
910 2746 1000 2819 aqna
1032 2720 1153 2820 Appia
1178 2722 1213 2795 in
1226 2720 1361 2798 Urbem

89 2909 351 2934 *uu-au...

131 3037 150 3096 4
222 3039 279 3093 act
296 3060 336 3103 cc
354 3041 474 3122 puteis)
497 3041 602 3104 denunt
623 3042 652 3103 in
672 3041 702 3104 V
723 3041 757 3102 F.
780 3041 814 3103 ln
834 3038 937 3100 iisdem
958 3039 1050 3101 lnfra:
1071 3045 1104 3101 et
1122 3037 1225 3100 adbuc
1244 3044 1358 3100 eastat.

180 3140 280 3204 colob.
302 3142 409 3221 caim.)
442 3139 548 3205 Gom.
571 3145 658 3202 caina
680 3174 721 3185 -
747 3139 927 3219 creduntur)
955 3138 1037 3201 VF:
1067 3137 1229 3201 credimus.

67 3230 70 3236 ¹
223 3241 440 3304 Comocnarom
461 3248 493 3302 ct
510 3242 669 3323 Apollinis
689 3248 722 3304 et
739 3239 903 3320 ratumne)
926 3237 979 3302 sic
1000 3257 1041 3300 ex
1062 3239 1201 3319 corrupta
1220 3233 1359 3298 librorum

179 3340 309 3405 lectione
330 3340 496 3404 emendavi.
518 3360 552 3402 v.
573 3339 700 3402 Annott.

81 3505 87 3524 ,
221 3461 303 3525 aqua
323 3441 449 3526 Αφρία)
471 3441 517 3503 lta
537 3458 577 3501 cx
599 3439 692 3502 tribus
712 3437 800 3499 codd.
826 3436 953 3500 restitui.
995 3433 1095 3499 Antea
1121 3434 1281 3498 edebatur:
1311 3438 1360 3498 iu-

80 3527 112 3603 i.
176 3541 273 3623 siccat
293 3560 402 3624 aquae.
424 3540 596 3604 Nominatnr
616 3558 699 3620 aqna
718 3540 826 3620 Appia
847 3537 934 3599 etiam
949 3534 1020 3599 nrt.
1042 3537 1115 3598 bet
1135 3532 1216 3595 alibi.

221 3640 367 3720 Marcio)
391 3640 443 3704 Sic
464 3643 634 3702 constanter
653 3637 702 3698 hic
724 3641 756 3699 et
775 3636 883 3718 ubique
901 3634 937 3717 C,
959 3654 1024 3697 cnm
1045 3635 1075 3697 ln
1095 3632 1205 3695 ceteris
1224 3629 1359 3696 Martio.

221 3739 393 3819 Alsietina)
420 3740 515 3804 Huius
541 3737 681 3801 vocabuli
705 3735 773 3798 loco
806 3734 882 3799 inG
910 3734 1014 3797 lacuna
1034 3737 1093 3799 est.
1135 3731 1210 3796 Sob.
1238 3731 1360 3795 scribit}

183 3840 288 3921 Virqo,
309 3861 388 3924 qnae
408 3840 515 3902 eadem
534 3844 664 3903 occatur
682 3837 842 3916 Aequam,
869 3837 1041 3914 Alsietino,
1072 3832 1207 3896 Claudia
1227 3842 1261 3895 et
1278 3832 1360 3896 Anio

179 3941 303 4005 Novas.
346 3939 432 4016 Lege
453 3940 596 4015 integram
619 3938 683 3999 eius
704 3936 930 4016 disputationem
951 3935 993 3998 V.
1015 3941 1046 3997 2.
1077 3934 1143 3997 Nos
1163 3931 1193 3993 in
1213 3949 1278 3993 eam
1299 3950 1360 3994 ren

179 4041 347 4121 inquirimus
367 4037 494 4103 adoro.
516 4044 566 4099 12.

78 4137 148 4227 ffb
220 4156 271 4221 M.
296 4156 421 4222 Valerio
442 4153 555 4234 Max.)
582 4151 677 4214 Paris.
703 4156 735 4216 et
765 4152 833 4214 edd.
857 4151 1013 4232 incipiunt:
1039 4150 1147 4232 Appia
1164 4147 1215 4212 M.
1237 4145 1310 4211 Vol.
1323 4179 1361 4192 -

175 4255 253 4320 Tum
274 4256 369 4319 Paris.
390 4256 409 4317 J
431 4257 462 4318 et
481 4267 549 4316 rec:
570 4251 611 4316 P.
632 4254 732 4317 Decio
758 4252 903 4315 Murena.
934 4252 996 4314 Sed
1018 4251 1047 4313 in
1067 4250 1162 4311 Paris.
1184 4246 1362 4330 syllabam

177 4376 261 4422 manu
283 4375 346 4420 sce.
369 4355 494 4421 deletur.
517 4352 567 4419 (if.
589 4353 679 4434 Pigh.
702 4351 782 4417 Ann.
804 4352 891 4418 Rom.
913 4351 953 4415 Τ.
976 4354 1001 4416 1.
1023 4372 1056 4433 p.
1079 4358 1156 4417 362.
