2888 4710
423 282 495 359 DE
521 280 712 377 AQUAE
737 280 1019 363 DUG'J'IBUS.
1317 284 1367 359 49

74 493 156 557 tom
181 480 397 581 respondere
423 481 670 577 modulam,
698 481 764 557 sed
790 483 895 557 etiam
921 484 1137 573 exuberare3
1176 508 1268 581 qoo-

75 603 175 673 tiene
200 621 290 672 vero
316 598 580 694 exhonorare,
613 598 648 672 id
673 610 731 673 est
754 601 887 673 minore
913 623 1094 697 pressura,
1128 601 1270 697 longios

79 716 243 809 dueatur,
275 716 429 813 segnitia
454 714 584 790 duatus
609 714 750 788 modum
775 739 915 813 qnoque
941 714 1155 813 deperdere:
1189 715 1269 790 ideo

80 829 281 906 secundnm
306 830 396 905 hane
421 833 592 907 rationem
616 844 679 906 aut
700 831 909 906 onerandam
931 855 1019 906 esse
1032 832 1273 930 erogationem

81 958 145 1021 ant
169 947 404 1022 relevandam.

160 1061 239 1140 Sed
260 1073 296 1136 et
314 1063 436 1138 vaditis
456 1065 586 1162 positio
606 1063 713 1138 hahet
733 1073 953 1137 momentum.
1004 1063 1045 1137 Jn
1074 1074 1208 1139 reatum
1239 1074 1275 1138 et
1297 1062 1347 1138 36

83 1178 131 1253 ad
165 1179 288 1253 libram
322 1179 534 1277 collocatura,
573 1178 714 1255 modum
739 1191 879 1274 serrat3
921 1179 1134 1255 advorsum
1161 1204 1275 1278 aquae

81 1393 326 1412 ψ

129 1497 315 1583 deperdere)
343 1495 434 1563 GU:
469 1497 662 1580 deperderet.
692 1516 732 1561 ex
762 1517 821 1581 quo
844 1494 917 1559 Sco.
945 1497 1018 1560 sealt
1048 1495 1226 1579 deperdere,
1249 1506 1279 1560 et

85 1599 168 1663 r’deo.
184 1600 280 1660 Bene.

129 1706 185 1759 aat
206 1694 390 1759 onerandam
413 1692 490 1778 eto.)
515 1694 542 1761 C
553 1693 598 1759 U:
621 1706 678 1758 avt
698 1695 855 1757 oneranda
882 1714 952 1758 eoae
973 1701 1216 1776 eropatr'oaeaat
1228 1716 1281 1757 re-

87 1795 234 1860 levanda.
282 1797 302 1857 J
308 1810 318 1860 Ξ
359 1805 415 1857 aut
448 1796 605 1858 oneranda
639 1805 686 1857 est
712 1798 852 1875 crapario
880 1803 935 1857 aa!
960 1795 1137 1859 relevanda.
1180 1794 1281 1856 Intor-

85 1900 205 1977 pretor:
248 1897 300 1957 ant
342 1896 594 1975 oomprimondos.
624 1896 862 1977 minuendaeque
909 1895 1065 1974 modulos,
1108 1899 1140 1956 ut
1186 1895 1282 1956 minor

87 1995 192 2057 effluat
233 2011 327 2076 aquae
370 1994 474 2074 copia3
517 1998 572 2055 aot
621 1993 803 2055 relaxandos
846 1994 1080 2076 augendaeque,
1122 1996 1156 2056 nt
1190 1994 1283 2054 maior

88 2112 185 2176 aquae
218 2092 307 2173 copia
338 2092 462 2154 rsdoore
495 2097 596 2175 queat.
640 2092 729 2155 POL.
772 2093 875 2169 nego:
912 2101 968 2156 aut
999 2091 1184 2154 onerandam
1215 2113 1285 2153 eoae

89 2187 227 2276 (aquam)
255 2196 434 2273 erapatr'one
465 2204 520 2255 aat
543 2193 749 2255 relevandam.
791 2190 931 2255 Horon.
969 2192 999 2252 dn
1026 2210 1111 2273 qoam
1139 2192 1283 2252 radonem

89 2288 164 2367 Srlr.
188 2292 297 2353 vertltt
324 2291 382 2352 ond
412 2289 506 2352 daher
535 2292 609 2354 naolr
635 2294 749 2353 diesem
771 2289 967 2353 Verlrtiltndso
988 2290 1018 2351 dn
1039 2290 1287 2366 Veraaagabnng

87 2410 125 2450 aa
148 2387 289 2452 belasten
303 2391 378 2451 odor
391 2410 427 2450 aa
444 2390 629 2453 orleichtrm
643 2410 711 2470 ary.
734 2391 763 2452 V
780 2391 818 2452 F:
840 2395 988 2452 rationem
1011 2432 1207 2453 .......
1230 2398 1285 2450 aat

86 2488 240 2550 relevatio
263 2487 317 2562 (Ft
338 2520 382 2532 -
402 2487 514 2570 onem).
552 2490 621 2552 J2:
643 2498 699 2551 aar
721 2487 883 2551 oneranda
904 2510 973 2552 aare
994 2493 1133 2567 eropatr‘o
1154 2497 1210 2550 aat
1229 2509 1283 2549 re-

86 2587 234 2649 levanda.
256 2621 298 2631 —
318 2587 344 2649 B
366 2589 399 2649 et
418 2587 458 2652 al.
480 2607 543 2651 reo.
566 2590 680 2650 faciant
701 2607 767 2650 cnm
791 2588 860 2651 Pol.
883 2587 998 2651 Melino
1026 2606 1099 2648 eane
1121 2591 1286 2649 convenire

88 2686 216 2747 rldotnr
236 2705 347 2769 apaan
369 2707 496 2749 onerare
524 2686 570 2768 (ἰ.
592 2705 620 2749 e.
650 2688 815 2765 retardare,
839 2687 1009 2758 hommem:
1047 2689 1095 2749 ord
1124 2688 1287 2766 opponitur

86 2786 232 2849 relevare
254 2786 291 2855 [l.
314 2803 341 2849 e.
364 2785 560 2864 erleiolrtorn,
584 2786 642 2848 den
664 2785 754 2847 Flnes
776 2787 967 2856 hal'drdorn).
1016 2788 1061 2849 At
1081 2787 1204 2866 primunr
1227 2786 1284 2845 alr-

86 2884 143 2945 rae
175 2889 354 2964 erepata'orre
376 2883 449 2967 (pro
471 2889 503 2946 r'rr
524 2885 629 2964 erop.)
652 2902 713 2947 non
734 2884 847 2964 placet.
869 2883 946 2945 Tum
973 2903 1047 2945 voro
1078 2903 1205 2945 onerare
1231 2896 1286 2945 avt

87 2982 233 3045 rederare
253 3002 365 3067 apaarn
386 2987 417 3046 a'rr
438 2988 615 3066 erapatr'oae
637 2984 742 3045 eodem
766 3003 858 3045 roasa
882 2984 942 3045 dici
958 2987 1073 3063 potest,
1091 3002 1151 3065 qao
1169 3002 1283 3064 eroaa-

84 3087 200 3145 tionem
221 3100 350 3147 oeerm
369 3090 425 3147 aat
444 3083 601 3162 relevare,
629 3101 716 3166 quum
746 3087 886 3164 eroparr‘o
909 3083 983 3143 eatis
1001 3084 1156 3144 commode
1179 3083 1283 3161 expli-

87 3181 152 3243 aar!
183 3179 275 3243 liceat
307 3182 478 3261 „erogatio
509 3199 620 3265 aquae,
649 3182 757 3245 modos
783 3200 878 3264 aquae
907 3180 1115 3258 erogandae.“
1166 3179 1215 3244 Cf.
1244 3181 1282 3241 ad

84 3280 158 3344 aa.
179 3282 230 3343 36.

129 3379 244 3440 caliate
262 3384 350 3462 poa.)
373 3379 487 3442 eattar'a
508 3397 548 3441 ex
569 3379 589 3442 J
609 3380 737 3443 inseruit
757 3379 824 3443 Pol.
846 3379 880 3442 ln
896 3380 927 3441 V
947 3379 971 3442 F
993 3382 1081 3442 etiam
1103 3387 1134 3441 et
1154 3379 1278 3442 deside·
1311 3381 1346 3438 36

87 3484 185 3539 rator.
206 3475 369 3540 Praeterea
388 3476 521 3556 Argent.
543 3482 575 3542 et
594 3479 635 3543 B:
658 3483 823 3562 apparato.

128 3574 255 3653 verrat)
276 3593 316 3637 ex
339 3596 394 3638 sua
413 3578 483 3641 Joc.
504 3580 554 3642 ed.
576 3579 661 3642 dodlt
681 3577 760 3658 Pon,
782 3580 907 3659 propter
927 3577 1084 3659 sequentia
1104 3581 1199 3660 rapit,
1221 3598 1278 3642 ea-

87 3680 153 3738 arr't.
198 3675 261 3735 Sed
287 3675 306 3736 J
334 3694 399 3737 cum
427 3678 524 3738 tribas
551 3679 639 3741 oodd.
662 3682 693 3739 et
715 3677 739 3740 F
759 3678 866 3755 legant
887 3680 1024 3739 serravit
1045 3674 1105 3749 (Gt
1126 3664 1276 3765 aervaa'j':

88 3774 170 3856 qnod
197 3771 324 3838 Corrad.
346 3777 377 3836 et
398 3774 471 3838 Soh.
493 3778 604 3838 mutant
625 3778 655 3838 in
676 3776 823 3838 servabit.
860 3776 1022 3837 Praeterea
1042 3776 1071 3836 in
1094 3776 1113 3837 J
1135 3776 1276 3861 (Peleoi)

88 3872 178 3935 Joous
200 3873 414 3953 interpretandi
437 3875 537 3935 studio
560 3876 607 3936 ado
629 3876 844 3955 corrnmpItnr:
872 3879 900 3935 sa·
921 3879 951 3934 r'a
973 3884 1088 3937 reatum
1109 3884 1139 3937 et
1159 3878 1204 3939 ad
1224 3881 1276 3944 lib.

87 3970 267 4034 collocatae
286 3979 345 4050 eat,
364 3972 483 4034 modam
504 3982 619 4034 servat.
651 3974 681 4034 in
708 3974 727 4034 J
758 3978 777 4033 2
805 3971 995 4055 (Sohrdtaii)
1024 3975 1156 4051 Argent.
1179 3981 1210 4039 ot
1229 3980 1273 4042 B:

86 4080 264 4131 momentum
284 4079 314 4132 et
335 4074 365 4132 r‘n
386 4081 501 4134 rectam
522 4079 553 4134 et
573 4070 618 4133 ad
639 4071 690 4133 tto.
714 4072 888 4134 collocatas
908 4078 938 4134 ai
956 4073 1074 4136 modam
1094 4084 1209 4141 aervat.

130 4167 175 4229 ad
196 4164 334 4250 caream)
355 4171 385 4233 V
409 4174 441 4233 et
462 4173 536 4235 edd:
559 4179 589 4233 et
609 4171 660 4233 ad.
683 4171 742 4232 Pro
765 4173 896 4254 amplias
915 4172 946 4235 V
966 4173 990 4234 F
1011 4174 1216 4255 ampdr'tadr'ra‘.
1243 4178 1278 4240 J:

87 4272 254 4349 oppositas
281 4269 427 4333 deverare.
478 4271 498 4331 J
520 4271 682 4346 (Podoni):
719 4274 749 4332 ai
775 4276 938 4355 oppositae
963 4271 1157 4355 devexasque
1184 4276 1268 4355 ampl

87 4367 107 4429 J
131 4374 149 4427 2
173 4362 358 4448 (Soholtad)
381 4370 510 4446 Argont.
534 4372 619 4436 etB:
641 4375 670 4433 aa·
691 4375 853 4453 oppositae
874 4370 1102 4454 dererataapve
1123 4372 1216 4454 ampl.

131 4466 175 4529 ad
197 4467 296 4540 latae)
321 4470 345 4530 B
368 4474 400 4530 et
420 4470 448 4531 al
471 4484 537 4532 reo:
560 4471 603 4532 ad
624 4471 706 4532 tatae
726 4481 836 4535 aetem.

1043 4569 1077 4635 4
