<?xml version="1.0" encoding="UTF-8"?>
<!DOCTYPE html PUBLIC "-//W3C//DTD XHTML 1.0 Transitional//EN"
    "http://www.w3.org/TR/xhtml1/DTD/xhtml1-transitional.dtd">
<html xmlns="http://www.w3.org/1999/xhtml" xml:lang="en" lang="en">
 <head>
  <title>
</title>
<meta http-equiv="Content-Type" content="text/html;charset=utf-8" />
  <meta name='ocr-system' content='tesseract 3.04.00' />
  <meta name='ocr-capabilities' content='ocr_page ocr_carea ocr_par ocr_line ocrx_word'/>
</head>
<body>
  <div class='ocr_page' id='page_1' title='image "./sexjuliifrontin00dedegoog_0042.png"; bbox 0 0 2888 4710; ppageno 0'>
   <div class='ocr_carea' id='block_1_1' title="bbox 546 209 1363 303">
    <p class='ocr_par' dir='ltr' id='par_1_1' title="bbox 546 209 1363 303">
     <span class='ocr_line' id='line_1_1' title="bbox 546 209 1363 303; baseline -0.002 -12"><span class='ocrx_word' id='word_1_1' title='bbox 546 214 873 303; x_wconf 69' lang='lat' dir='ltr'><strong>psalernum,</strong></span> <span class='ocrx_word' id='word_1_2' title='bbox 1220 209 1363 289; x_wconf 79' lang='lat' dir='ltr'>XXIX</span> 
     </span>
    </p>
   </div>
   <div class='ocr_carea' id='block_1_2' title="bbox 72 443 1391 4504">
    <p class='ocr_par' dir='ltr' id='par_1_2' title="bbox 72 443 1375 3431">
     <span class='ocr_line' id='line_1_2' title="bbox 74 443 1360 544; baseline -0.005 -22"><span class='ocrx_word' id='word_1_3' title='bbox 74 448 129 522; x_wconf 90' lang='lat' dir='ltr'><strong>de</strong></span> <span class='ocrx_word' id='word_1_4' title='bbox 167 445 555 544; x_wconf 73' lang='lat' dir='ltr'><strong>Aquaeductilrus</strong></span> <span class='ocrx_word' id='word_1_5' title='bbox 594 449 718 522; x_wconf 78' lang='lat' dir='ltr'><strong>urbis</strong></span> <span class='ocrx_word' id='word_1_6' title='bbox 759 448 930 521; x_wconf 82' lang='lat' dir='ltr'><strong>Romae</strong></span> <span class='ocrx_word' id='word_1_7' title='bbox 969 443 1360 540; x_wconf 78' lang='lat' dir='ltr'><strong>Commentarius,</strong></span> 
     </span>
     <span class='ocr_line' id='line_1_3' title="bbox 75 577 1364 676; baseline -0.002 -21"><span class='ocrx_word' id='word_1_8' title='bbox 75 582 293 676; x_wconf 86' lang='lat' dir='ltr'><strong>antiquae</strong></span> <span class='ocrx_word' id='word_1_9' title='bbox 318 579 431 654; x_wconf 86' lang='lat' dir='ltr'><strong>lidei</strong></span> <span class='ocrx_word' id='word_1_10' title='bbox 457 581 731 674; x_wconf 80' lang='lat' dir='ltr'><strong>restitutuS,</strong></span> <span class='ocrx_word' id='word_1_11' title='bbox 768 589 904 675; x_wconf 90' lang='lat' dir='ltr'><strong>atque</strong></span> <span class='ocrx_word' id='word_1_12' title='bbox 930 577 1199 674; x_wconf 85' lang='lat' dir='ltr'><strong>explicatus</strong></span> <span class='ocrx_word' id='word_1_13' title='bbox 1225 601 1364 673; x_wconf 83' lang='lat' dir='ltr'><strong>opera</strong></span> 
     </span>
     <span class='ocr_line' id='line_1_4' title="bbox 74 705 1363 807; baseline -0.003 -20"><span class='ocrx_word' id='word_1_14' title='bbox 74 725 119 787; x_wconf 87' lang='lat' dir='ltr'><strong>et</strong></span> <span class='ocrx_word' id='word_1_15' title='bbox 157 711 313 786; x_wconf 89' lang='lat' dir='ltr'><strong>studio</strong></span> <span class='ocrx_word' id='word_1_16' title='bbox 345 713 543 787; x_wconf 89' lang='lat' dir='ltr'><strong>Joannis</strong></span> <span class='ocrx_word' id='word_1_17' title='bbox 569 710 744 788; x_wconf 88' lang='lat' dir='ltr'><strong>Poleni.</strong></span> <span class='ocrx_word' id='word_1_18' title='bbox 796 712 952 785; x_wconf 86' lang='lat' dir='ltr'><strong>Patav.</strong></span> <span class='ocrx_word' id='word_1_19' title='bbox 990 705 1101 782; x_wconf 76' lang='lat'><strong>1722.</strong></span> <span class='ocrx_word' id='word_1_20' title='bbox 1141 708 1258 807; x_wconf 88' lang='lat' dir='ltr'><strong>apud</strong></span> <span class='ocrx_word' id='word_1_21' title='bbox 1295 710 1363 784; x_wconf 89' lang='lat' dir='ltr'><strong>Jo.</strong></span> 
     </span>
     <span class='ocr_line' id='line_1_5' title="bbox 73 839 1365 941; baseline -0.004 -22"><span class='ocrx_word' id='word_1_22' title='bbox 73 842 266 919; x_wconf 76' lang='lat' dir='ltr'><strong>Manlre.</strong></span> <span class='ocrx_word' id='word_1_23' title='bbox 331 840 436 936; x_wconf 73' lang='lat' dir='ltr'><strong>(luae</strong></span> <span class='ocrx_word' id='word_1_24' title='bbox 463 844 613 941; x_wconf 89' lang='lat' dir='ltr'><strong>repetita</strong></span> <span class='ocrx_word' id='word_1_25' title='bbox 647 843 753 919; x_wconf 92' lang='lat' dir='ltr'><strong>editio</strong></span> <span class='ocrx_word' id='word_1_26' title='bbox 780 859 836 917; x_wconf 86' lang='lat' dir='ltr'><strong>est</strong></span> <span class='ocrx_word' id='word_1_27' title='bbox 861 868 915 916; x_wconf 90' lang='lat' dir='ltr'><strong>an.</strong></span> <span class='ocrx_word' id='word_1_28' title='bbox 940 839 1052 916; x_wconf 70' lang='lat'><strong>1732.</strong></span> <span class='ocrx_word' id='word_1_29' title='bbox 1103 839 1228 915; x_wconf 81' lang='lat' dir='ltr'><strong>&#39;l&#39;rium</strong></span> <span class='ocrx_word' id='word_1_30' title='bbox 1263 841 1365 916; x_wconf 90' lang='lat' dir='ltr'><strong>codi-</strong></span> 
     </span>
     <span class='ocr_line' id='line_1_6' title="bbox 73 960 1368 1075; baseline -0.001 -26"><span class='ocrx_word' id='word_1_31' title='bbox 73 1000 156 1050; x_wconf 84' lang='lat' dir='ltr'><strong>cum</strong></span> <span class='ocrx_word' id='word_1_32' title='bbox 183 974 243 1075; x_wconf 73' lang='lat' dir='ltr'><strong>(C</strong></span> <span class='ocrx_word' id='word_1_33' title='bbox 271 975 306 1053; x_wconf 91' lang='lat' dir='ltr'><strong>U</strong></span> <span class='ocrx_word' id='word_1_34' title='bbox 333 986 368 1050; x_wconf 90' lang='lat' dir='ltr'><strong>et</strong></span> <span class='ocrx_word' id='word_1_35' title='bbox 391 975 455 1073; x_wconf 80' lang='lat' dir='ltr'><strong>V)</strong></span> <span class='ocrx_word' id='word_1_36' title='bbox 494 975 752 1072; x_wconf 80' lang='lat' dir='ltr'><strong>editionumque</strong></span> <span class='ocrx_word' id='word_1_37' title='bbox 778 1001 886 1074; x_wconf 89' lang='lat' dir='ltr'><strong>supra</strong></span> <span class='ocrx_word' id='word_1_38' title='bbox 913 960 1188 1072; x_wconf 86' lang='lat' dir='ltr'><strong>percensitarum</strong></span> <span class='ocrx_word' id='word_1_39' title='bbox 1216 974 1368 1048; x_wconf 93' lang='lat' dir='ltr'><strong>omnium</strong></span> 
     </span>
     <span class='ocr_line' id='line_1_7' title="bbox 72 1104 1370 1206; baseline -0.001 -25"><span class='ocrx_word' id='word_1_40' title='bbox 72 1108 210 1182; x_wconf 86' lang='lat' dir='ltr'><strong>auxilio</strong></span> <span class='ocrx_word' id='word_1_41' title='bbox 248 1133 375 1183; x_wconf 91' lang='lat' dir='ltr'><strong>novam</strong></span> <span class='ocrx_word' id='word_1_42' title='bbox 413 1108 574 1206; x_wconf 83' lang='lat' dir='ltr'><strong>vulgavit</strong></span> <span class='ocrx_word' id='word_1_43' title='bbox 611 1107 808 1203; x_wconf 78' lang='lat' dir='ltr'><strong>editionem,</strong></span> <span class='ocrx_word' id='word_1_44' title='bbox 856 1119 891 1182; x_wconf 88' lang='lat' dir='ltr'><strong>et</strong></span> <span class='ocrx_word' id='word_1_45' title='bbox 928 1106 973 1180; x_wconf 91' lang='lat' dir='ltr'><strong>ad</strong></span> <span class='ocrx_word' id='word_1_46' title='bbox 1011 1105 1226 1205; x_wconf 83' lang='lat' dir='ltr'><strong>diligentiam</strong></span> <span class='ocrx_word' id='word_1_47' title='bbox 1265 1104 1370 1181; x_wconf 87' lang='lat' dir='ltr'><strong>etad</strong></span> 
     </span>
     <span class='ocr_line' id='line_1_8' title="bbox 72 1238 1369 1345; baseline -0.002 -30"><span class='ocrx_word' id='word_1_48' title='bbox 72 1239 268 1315; x_wconf 85' lang='lat' dir='ltr'><strong>doctrinam</strong></span> <span class='ocrx_word' id='word_1_49' title='bbox 303 1240 489 1336; x_wconf 84' lang='lat' dir='ltr'><strong>iudiciique</strong></span> <span class='ocrx_word' id='word_1_50' title='bbox 523 1246 768 1336; x_wconf 80' lang='lat' dir='ltr'><strong>maturitatem,</strong></span> <span class='ocrx_word' id='word_1_51' title='bbox 816 1265 880 1336; x_wconf 92' lang='lat' dir='ltr'><strong>pro</strong></span> <span class='ocrx_word' id='word_1_52' title='bbox 921 1240 1090 1334; x_wconf 90' lang='lat' dir='ltr'><strong>temporis</strong></span> <span class='ocrx_word' id='word_1_53' title='bbox 1124 1238 1219 1312; x_wconf 87' lang='lat' dir='ltr'><strong>illius</strong></span> <span class='ocrx_word' id='word_1_54' title='bbox 1253 1250 1369 1345; x_wconf 86' lang='lat' dir='ltr'><strong>captu,</strong></span> 
     </span>
     <span class='ocr_line' id='line_1_9' title="bbox 74 1371 1373 1469; baseline -0.004 -22"><span class='ocrx_word' id='word_1_55' title='bbox 74 1375 170 1447; x_wconf 90' lang='lat' dir='ltr'><strong>omni</strong></span> <span class='ocrx_word' id='word_1_56' title='bbox 195 1371 300 1446; x_wconf 91' lang='lat' dir='ltr'><strong>laude</strong></span> <span class='ocrx_word' id='word_1_57' title='bbox 325 1372 581 1469; x_wconf 77' lang='lat' dir='ltr'><strong>dignissunam.</strong></span> <span class='ocrx_word' id='word_1_58' title='bbox 633 1373 714 1446; x_wconf 89' lang='lat' dir='ltr'><strong>Viri</strong></span> <span class='ocrx_word' id='word_1_59' title='bbox 749 1372 943 1445; x_wconf 70' lang='lat' dir='ltr'><strong>doctissimi</strong></span> <span class='ocrx_word' id='word_1_60' title='bbox 979 1376 1102 1444; x_wconf 88' lang='lat' dir='ltr'><strong>merita</strong></span> <span class='ocrx_word' id='word_1_61' title='bbox 1129 1394 1311 1467; x_wconf 78' lang='lat' dir='ltr'><strong>exponere</strong></span> <span class='ocrx_word' id='word_1_62' title='bbox 1337 1382 1373 1445; x_wconf 93' lang='lat' dir='ltr'><strong>et</strong></span> 
     </span>
     <span class='ocr_line' id='line_1_10' title="bbox 75 1502 1372 1601; baseline -0.004 -21"><span class='ocrx_word' id='word_1_63' title='bbox 75 1506 123 1580; x_wconf 82' lang='lat' dir='ltr'><strong>ot</strong></span> <span class='ocrx_word' id='word_1_64' title='bbox 157 1506 324 1578; x_wconf 88' lang='lat' dir='ltr'><strong>materiae</strong></span> <span class='ocrx_word' id='word_1_65' title='bbox 358 1504 596 1579; x_wconf 87' lang='lat' dir='ltr'><strong>diversitatem</strong></span> <span class='ocrx_word' id='word_1_66' title='bbox 628 1505 771 1601; x_wconf 77' lang='lat' dir='ltr'><strong>longum</strong></span> <span class='ocrx_word' id='word_1_67' title='bbox 810 1516 875 1591; x_wconf 87' lang='lat' dir='ltr'><strong>est,</strong></span> <span class='ocrx_word' id='word_1_68' title='bbox 925 1514 960 1577; x_wconf 90' lang='lat' dir='ltr'><strong>et</strong></span> <span class='ocrx_word' id='word_1_69' title='bbox 986 1528 1042 1577; x_wconf 84' lang='lat' dir='ltr'><strong>ex</strong></span> <span class='ocrx_word' id='word_1_70' title='bbox 1075 1504 1208 1577; x_wconf 89' lang='lat' dir='ltr'><strong>nostris</strong></span> <span class='ocrx_word' id='word_1_71' title='bbox 1242 1502 1372 1577; x_wconf 91' lang='lat' dir='ltr'><strong>studiis</strong></span> 
     </span>
     <span class='ocr_line' id='line_1_11' title="bbox 75 1633 1375 1735; baseline -0.002 -24"><span class='ocrx_word' id='word_1_72' title='bbox 75 1637 308 1735; x_wconf 73' lang='lat' dir='ltr'><strong>comparebit.</strong></span> <span class='ocrx_word' id='word_1_73' title='bbox 361 1633 570 1714; x_wconf 84' lang='lat' dir='ltr'><strong>Schultzius</strong></span> <span class='ocrx_word' id='word_1_74' title='bbox 596 1660 665 1712; x_wconf 92' lang='lat' dir='ltr'><strong>non</strong></span> <span class='ocrx_word' id='word_1_75' title='bbox 692 1638 778 1711; x_wconf 88' lang='lat' dir='ltr'><strong>tanti</strong></span> <span class='ocrx_word' id='word_1_76' title='bbox 805 1640 1010 1710; x_wconf 86' lang='lat' dir='ltr'><strong>aestimavit</strong></span> <span class='ocrx_word' id='word_1_77' title='bbox 1033 1635 1219 1731; x_wconf 90' lang='lat' dir='ltr'><strong>Polenum,</strong></span> <span class='ocrx_word' id='word_1_78' title='bbox 1255 1637 1375 1733; x_wconf 88' lang='lat' dir='ltr'><strong>quanti</strong></span> 
     </span>
     <span class='ocr_line' id='line_1_12' title="bbox 75 1766 1373 1867; baseline -0.002 -24"><span class='ocrx_word' id='word_1_79' title='bbox 75 1768 241 1843; x_wconf 80' lang='lat' dir='ltr'><strong>debebat.</strong></span> <span class='ocrx_word' id='word_1_80' title='bbox 291 1766 515 1867; x_wconf 90' lang='lat' dir='ltr'><strong>Saepissime</strong></span> <span class='ocrx_word' id='word_1_81' title='bbox 542 1768 681 1865; x_wconf 90' lang='lat' dir='ltr'><strong>quidem</strong></span> <span class='ocrx_word' id='word_1_82' title='bbox 707 1774 840 1843; x_wconf 85' lang='lat' dir='ltr'><strong>erravit</strong></span> <span class='ocrx_word' id='word_1_83' title='bbox 865 1781 970 1866; x_wconf 88' lang='lat' dir='ltr'><strong>atque</strong></span> <span class='ocrx_word' id='word_1_84' title='bbox 996 1793 1044 1842; x_wconf 86' lang='lat' dir='ltr'><strong>ex</strong></span> <span class='ocrx_word' id='word_1_85' title='bbox 1063 1768 1182 1842; x_wconf 89' lang='lat' dir='ltr'><strong>multis</strong></span> <span class='ocrx_word' id='word_1_86' title='bbox 1196 1768 1373 1844; x_wconf 89' lang='lat' dir='ltr'><strong>discrimi-</strong></span> 
     </span>
     <span class='ocr_line' id='line_1_13' title="bbox 76 1899 1373 2000; baseline 0 -25"><span class='ocrx_word' id='word_1_87' title='bbox 76 1900 184 1975; x_wconf 81' lang='lat' dir='ltr'><strong>nibus</strong></span> <span class='ocrx_word' id='word_1_88' title='bbox 210 1924 253 1977; x_wconf 90' lang='lat' dir='ltr'><strong>se</strong></span> <span class='ocrx_word' id='word_1_89' title='bbox 279 1900 452 2000; x_wconf 86' lang='lat' dir='ltr'><strong>expedire</strong></span> <span class='ocrx_word' id='word_1_90' title='bbox 484 1904 554 1976; x_wconf 87' lang='lat' dir='ltr'><strong>non</strong></span> <span class='ocrx_word' id='word_1_91' title='bbox 587 1902 712 1999; x_wconf 85' lang='lat' dir='ltr'><strong>potuit,</strong></span> <span class='ocrx_word' id='word_1_92' title='bbox 752 1901 919 1977; x_wconf 88' lang='lat' dir='ltr'><strong>videlicet</strong></span> <span class='ocrx_word' id='word_1_93' title='bbox 951 1902 1125 1999; x_wconf 81' lang='lat' dir='ltr'><strong>magister</strong></span> <span class='ocrx_word' id='word_1_94' title='bbox 1155 1899 1373 1997; x_wconf 88' lang='lat' dir='ltr'><strong>matheseos,</strong></span> 
     </span>
     <span class='ocr_line' id='line_1_14' title="bbox 73 2031 1375 2132; baseline -0.002 -24"><span class='ocrx_word' id='word_1_95' title='bbox 73 2034 223 2132; x_wconf 85' lang='lat' dir='ltr'><strong>linguae</strong></span> <span class='ocrx_word' id='word_1_96' title='bbox 254 2045 373 2109; x_wconf 86' lang='lat' dir='ltr'><strong>autem</strong></span> <span class='ocrx_word' id='word_1_97' title='bbox 405 2031 536 2108; x_wconf 89' lang='lat' dir='ltr'><strong>latinae</strong></span> <span class='ocrx_word' id='word_1_98' title='bbox 563 2046 600 2108; x_wconf 91' lang='lat' dir='ltr'><strong>et</strong></span> <span class='ocrx_word' id='word_1_99' title='bbox 625 2034 712 2107; x_wconf 91' lang='lat' dir='ltr'><strong>artis</strong></span> <span class='ocrx_word' id='word_1_100' title='bbox 738 2033 991 2132; x_wconf 81' lang='lat' dir='ltr'><strong>grammaticae</strong></span> <span class='ocrx_word' id='word_1_101' title='bbox 1017 2034 1231 2129; x_wconf 84' lang='lat' dir='ltr'><strong>criticaeque</strong></span> <span class='ocrx_word' id='word_1_102' title='bbox 1255 2033 1375 2131; x_wconf 78' lang='lat' dir='ltr'><strong>legann</strong></span> 
     </span>
     <span class='ocr_line' id='line_1_15' title="bbox 74 2163 1373 2265; baseline -0.002 -22"><span class='ocrx_word' id='word_1_103' title='bbox 74 2167 193 2243; x_wconf 89' lang='lat' dir='ltr'><strong>miuus</strong></span> <span class='ocrx_word' id='word_1_104' title='bbox 230 2165 378 2265; x_wconf 90' lang='lat' dir='ltr'><strong>peritus.</strong></span> <span class='ocrx_word' id='word_1_105' title='bbox 427 2163 485 2240; x_wconf 89' lang='lat' dir='ltr'><strong>At</strong></span> <span class='ocrx_word' id='word_1_106' title='bbox 523 2166 554 2238; x_wconf 89' lang='lat' dir='ltr'><strong>si</strong></span> <span class='ocrx_word' id='word_1_107' title='bbox 593 2170 674 2262; x_wconf 89' lang='lat' dir='ltr'><strong>quis</strong></span> <span class='ocrx_word' id='word_1_108' title='bbox 699 2189 791 2240; x_wconf 86' lang='lat' dir='ltr'><strong>nunc</strong></span> <span class='ocrx_word' id='word_1_109' title='bbox 824 2177 960 2240; x_wconf 84' lang='lat' dir='ltr'><strong>tantmn</strong></span> <span class='ocrx_word' id='word_1_110' title='bbox 985 2166 1163 2262; x_wconf 90' lang='lat' dir='ltr'><strong>superarit</strong></span> <span class='ocrx_word' id='word_1_111' title='bbox 1186 2164 1373 2259; x_wconf 88' lang='lat' dir='ltr'><strong>Polenum,</strong></span> 
     </span>
     <span class='ocr_line' id='line_1_16' title="bbox 77 2296 1374 2400; baseline -0.002 -25"><span class='ocrx_word' id='word_1_112' title='bbox 77 2312 249 2400; x_wconf 85' lang='lat' dir='ltr'><strong>qnantum</strong></span> <span class='ocrx_word' id='word_1_113' title='bbox 273 2296 434 2372; x_wconf 87' lang='lat' dir='ltr'><strong>Polenus</strong></span> <span class='ocrx_word' id='word_1_114' title='bbox 468 2299 673 2395; x_wconf 85' lang='lat' dir='ltr'><strong>superiores</strong></span> <span class='ocrx_word' id='word_1_115' title='bbox 713 2298 872 2373; x_wconf 90' lang='lat' dir='ltr'><strong>editores</strong></span> <span class='ocrx_word' id='word_1_116' title='bbox 912 2304 1199 2395; x_wconf 87' lang='lat' dir='ltr'><strong>interpretesque</strong></span> <span class='ocrx_word' id='word_1_117' title='bbox 1239 2322 1374 2393; x_wconf 87' lang='lat' dir='ltr'><strong>omnes,</strong></span> 
     </span>
     <span class='ocr_line' id='line_1_17' title="bbox 75 2427 1375 2529; baseline -0.002 -22"><span class='ocrx_word' id='word_1_118' title='bbox 75 2432 249 2507; x_wconf 75' lang='lat' dir='ltr'><strong>Frontino</strong></span> <span class='ocrx_word' id='word_1_119' title='bbox 284 2427 492 2504; x_wconf 91' lang='lat' dir='ltr'><strong>illustrando</strong></span> <span class='ocrx_word' id='word_1_120' title='bbox 512 2442 564 2504; x_wconf 82' lang='lat' dir='ltr'><strong>et</strong></span> <span class='ocrx_word' id='word_1_121' title='bbox 597 2429 814 2505; x_wconf 89' lang='lat' dir='ltr'><strong>emendando</strong></span> <span class='ocrx_word' id='word_1_122' title='bbox 848 2428 942 2504; x_wconf 87' lang='lat' dir='ltr'><strong>haud</strong></span> <span class='ocrx_word' id='word_1_123' title='bbox 969 2430 1016 2504; x_wconf 92' lang='lat' dir='ltr'><strong>ita</strong></span> <span class='ocrx_word' id='word_1_124' title='bbox 1044 2430 1150 2503; x_wconf 90' lang='lat' dir='ltr'><strong>multa</strong></span> <span class='ocrx_word' id='word_1_125' title='bbox 1177 2453 1375 2529; x_wconf 84' lang='lat' dir='ltr'><strong>superesse</strong></span> 
     </span>
     <span class='ocr_line' id='line_1_18' title="bbox 76 2546 1374 2641; baseline -0.003 -2"><span class='ocrx_word' id='word_1_126' title='bbox 76 2546 203 2641; x_wconf 76' lang='lat' dir='ltr'><strong>fateor.</strong></span> <span class='ocrx_word' id='word_1_127' title='bbox 271 2561 521 2638; x_wconf 77' lang='lat' dir='ltr'><strong>Acerbissime</strong></span> <span class='ocrx_word' id='word_1_128' title='bbox 568 2567 603 2637; x_wconf 92' lang='lat' dir='ltr'><strong>in</strong></span> <span class='ocrx_word' id='word_1_129' title='bbox 655 2563 829 2638; x_wconf 89' lang='lat' dir='ltr'><strong>Polenum</strong></span> <span class='ocrx_word' id='word_1_130' title='bbox 869 2561 1114 2637; x_wconf 87' lang='lat' dir='ltr'><strong>animadvertit</strong></span> <span class='ocrx_word' id='word_1_131' title='bbox 1153 2560 1374 2639; x_wconf 83' lang='lat' dir='ltr'><strong>Corradinus</strong></span> 
     </span>
     <span class='ocr_line' id='line_1_19' title="bbox 76 2693 1372 2790; baseline -0.002 -20"><span class='ocrx_word' id='word_1_132' title='bbox 76 2696 124 2771; x_wconf 86' lang='lat' dir='ltr'><strong>de</strong></span> <span class='ocrx_word' id='word_1_133' title='bbox 148 2694 261 2790; x_wconf 85' lang='lat' dir='ltr'><strong>Allio,</strong></span> <span class='ocrx_word' id='word_1_134' title='bbox 300 2695 403 2769; x_wconf 79' lang='lat' dir='ltr'><strong>catius</strong></span> <span class='ocrx_word' id='word_1_135' title='bbox 437 2693 582 2767; x_wconf 81' lang='lat' dir='ltr'><strong>criticae</strong></span> <span class='ocrx_word' id='word_1_136' title='bbox 608 2698 643 2767; x_wconf 93' lang='lat' dir='ltr'><strong>in</strong></span> <span class='ocrx_word' id='word_1_137' title='bbox 669 2694 885 2768; x_wconf 82' lang='lat' dir='ltr'><strong>difficiliores</strong></span> <span class='ocrx_word' id='word_1_138' title='bbox 912 2695 1070 2768; x_wconf 76' lang='lat' dir='ltr'><strong>Frontini</strong></span> <span class='ocrx_word' id='word_1_139' title='bbox 1095 2693 1197 2768; x_wconf 86' lang='lat' dir='ltr'><strong>locos</strong></span> <span class='ocrx_word' id='word_1_140' title='bbox 1223 2707 1372 2768; x_wconf 91' lang='lat' dir='ltr'><strong>annota-</strong></span> 
     </span>
     <span class='ocr_line' id='line_1_20' title="bbox 76 2824 1372 2926; baseline -0.002 -24"><span class='ocrx_word' id='word_1_141' title='bbox 76 2832 196 2902; x_wconf 79' lang='lat' dir='ltr'><strong>tiones</strong></span> <span class='ocrx_word' id='word_1_142' title='bbox 221 2826 388 2926; x_wconf 85' lang='lat' dir='ltr'><strong>leguutur</strong></span> <span class='ocrx_word' id='word_1_143' title='bbox 413 2827 447 2899; x_wconf 89' lang='lat' dir='ltr'><strong>in</strong></span> <span class='ocrx_word' id='word_1_144' title='bbox 473 2824 627 2900; x_wconf 92' lang='lat' dir='ltr'><strong>editione</strong></span> <span class='ocrx_word' id='word_1_145' title='bbox 651 2825 791 2922; x_wconf 85' lang='lat' dir='ltr'><strong>Adleri,</strong></span> <span class='ocrx_word' id='word_1_146' title='bbox 821 2849 911 2922; x_wconf 91' lang='lat' dir='ltr'><strong>quae</strong></span> <span class='ocrx_word' id='word_1_147' title='bbox 937 2825 1065 2923; x_wconf 89' lang='lat' dir='ltr'><strong>prodiit</strong></span> <span class='ocrx_word' id='word_1_148' title='bbox 1077 2826 1236 2901; x_wconf 83' lang='lat' dir='ltr'><strong>Altonae</strong></span> <span class='ocrx_word' id='word_1_149' title='bbox 1261 2824 1372 2903; x_wconf 74' lang='lat'><strong>1792.</strong></span> 
     </span>
     <span class='ocr_line' id='line_1_21' title="bbox 75 2955 1371 3057; baseline -0.004 -20"><span class='ocrx_word' id='word_1_150' title='bbox 75 2959 138 3037; x_wconf 79' lang='lat' dir='ltr'><strong>lle</strong></span> <span class='ocrx_word' id='word_1_151' title='bbox 175 2981 246 3056; x_wconf 88' lang='lat' dir='ltr'><strong>quo</strong></span> <span class='ocrx_word' id='word_1_152' title='bbox 282 2958 424 3057; x_wconf 78' lang='lat' dir='ltr'><strong>insigne</strong></span> <span class='ocrx_word' id='word_1_153' title='bbox 463 2969 522 3034; x_wconf 92' lang='lat' dir='ltr'><strong>est</strong></span> <span class='ocrx_word' id='word_1_154' title='bbox 560 2958 797 3033; x_wconf 88' lang='lat' dir='ltr'><strong>testimonium</strong></span> <span class='ocrx_word' id='word_1_155' title='bbox 838 2955 1019 3056; x_wconf 86' lang='lat' dir='ltr'><strong>Scipionis</strong></span> <span class='ocrx_word' id='word_1_156' title='bbox 1044 2958 1177 3055; x_wconf 85' lang='lat' dir='ltr'><strong>Mallei,</strong></span> <span class='ocrx_word' id='word_1_157' title='bbox 1217 2957 1311 3056; x_wconf 90' lang='lat' dir='ltr'><strong>apud</strong></span> <span class='ocrx_word' id='word_1_158' title='bbox 1334 2958 1371 3034; x_wconf 91' lang='lat' dir='ltr'><strong>J.</strong></span> 
     </span>
     <span class='ocr_line' id='line_1_22' title="bbox 77 3088 1371 3188; baseline -0.005 -18"><span class='ocrx_word' id='word_1_159' title='bbox 77 3089 271 3170; x_wconf 79' lang='lat' dir='ltr'><strong>Schrader.</strong></span> <span class='ocrx_word' id='word_1_160' title='bbox 305 3090 342 3166; x_wconf 91' lang='lat' dir='ltr'><strong>in</strong></span> <span class='ocrx_word' id='word_1_161' title='bbox 378 3089 468 3165; x_wconf 89' lang='lat' dir='ltr'><strong>libro</strong></span> <span class='ocrx_word' id='word_1_162' title='bbox 493 3088 697 3165; x_wconf 79' lang='lat' dir='ltr'><strong>Emendatt.</strong></span> <span class='ocrx_word' id='word_1_163' title='bbox 736 3114 770 3188; x_wconf 95' lang='lat' dir='ltr'><strong>p.</strong></span> <span class='ocrx_word' id='word_1_164' title='bbox 796 3088 832 3184; x_wconf 87' lang='lat'><strong>5,</strong></span> <span class='ocrx_word' id='word_1_165' title='bbox 872 3089 933 3163; x_wconf 90' lang='lat' dir='ltr'><strong>ubi</strong></span> <span class='ocrx_word' id='word_1_166' title='bbox 971 3089 1096 3164; x_wconf 90' lang='lat' dir='ltr'><strong>homini</strong></span> <span class='ocrx_word' id='word_1_167' title='bbox 1134 3090 1226 3164; x_wconf 88' lang='lat' dir='ltr'><strong>inter</strong></span> <span class='ocrx_word' id='word_1_168' title='bbox 1263 3092 1371 3166; x_wconf 89' lang='lat' dir='ltr'><strong>multa</strong></span> 
     </span>
     <span class='ocr_line' id='line_1_23' title="bbox 77 3220 1371 3321; baseline -0.001 -22"><span class='ocrx_word' id='word_1_169' title='bbox 77 3222 200 3300; x_wconf 85' lang='lat' dir='ltr'><strong>deliria</strong></span> <span class='ocrx_word' id='word_1_170' title='bbox 233 3234 350 3298; x_wconf 89' lang='lat' dir='ltr'><strong>tamen</strong></span> <span class='ocrx_word' id='word_1_171' title='bbox 383 3222 556 3320; x_wconf 90' lang='lat' dir='ltr'><strong>quaedam</strong></span> <span class='ocrx_word' id='word_1_172' title='bbox 573 3221 713 3321; x_wconf 81' lang='lat' dir='ltr'><strong>&#39;ingenii</strong></span> <span class='ocrx_word' id='word_1_173' title='bbox 738 3223 867 3298; x_wconf 92' lang='lat' dir='ltr'><strong>lumina</strong></span> <span class='ocrx_word' id='word_1_174' title='bbox 893 3221 1066 3297; x_wconf 87' lang='lat' dir='ltr'><strong>concedit.</strong></span> <span class='ocrx_word' id='word_1_175' title='bbox 1118 3220 1178 3299; x_wconf 80' lang='lat' dir='ltr'><strong>Cf.</strong></span> <span class='ocrx_word' id='word_1_176' title='bbox 1218 3220 1371 3302; x_wconf 79' lang='lat' dir='ltr'><strong>Schultz</strong></span> 
     </span>
     <span class='ocr_line' id='line_1_24' title="bbox 76 3354 237 3431; baseline -0.012 0"><span class='ocrx_word' id='word_1_177' title='bbox 76 3354 237 3431; x_wconf 85' lang='lat' dir='ltr'><strong>Praelat.</strong></span> 
     </span>
    </p>

    <p class='ocr_par' dir='ltr' id='par_1_3' title="bbox 75 3485 1391 4504">
     <span class='ocr_line' id='line_1_25' title="bbox 176 3485 1367 3584; baseline -0.002 -22"><span class='ocrx_word' id='word_1_178' title='bbox 176 3486 407 3563; x_wconf 87' lang='lat' dir='ltr'><strong>Posteriores</strong></span> <span class='ocrx_word' id='word_1_179' title='bbox 433 3485 605 3563; x_wconf 89' lang='lat' dir='ltr'><strong>editiones</strong></span> <span class='ocrx_word' id='word_1_180' title='bbox 644 3511 767 3563; x_wconf 88' lang='lat' dir='ltr'><strong>omnes</strong></span> <span class='ocrx_word' id='word_1_181' title='bbox 805 3499 941 3562; x_wconf 87' lang='lat' dir='ltr'><strong>textum</strong></span> <span class='ocrx_word' id='word_1_182' title='bbox 967 3485 1094 3561; x_wconf 92' lang='lat' dir='ltr'><strong>Poleni</strong></span> <span class='ocrx_word' id='word_1_183' title='bbox 1133 3489 1367 3584; x_wconf 85' lang='lat' dir='ltr'><strong>repetierunt:</strong></span> 
     </span>
     <span class='ocr_line' id='line_1_26' title="bbox 76 3617 1367 3719; baseline -0.002 -25"><span class='ocrx_word' id='word_1_184' title='bbox 76 3646 111 3694; x_wconf 77' lang='lat' dir='ltr'><strong>v.</strong></span> <span class='ocrx_word' id='word_1_185' title='bbox 151 3643 188 3717; x_wconf 85' lang='lat' dir='ltr'><strong>g.</strong></span> <span class='ocrx_word' id='word_1_186' title='bbox 226 3641 318 3716; x_wconf 83' lang='lat' dir='ltr'><strong>quae</strong></span> <span class='ocrx_word' id='word_1_187' title='bbox 353 3619 497 3719; x_wconf 87' lang='lat' dir='ltr'><strong>Biponti</strong></span> <span class='ocrx_word' id='word_1_188' title='bbox 534 3620 664 3719; x_wconf 88' lang='lat' dir='ltr'><strong>prodiit</strong></span> <span class='ocrx_word' id='word_1_189' title='bbox 702 3644 757 3693; x_wconf 90' lang='lat' dir='ltr'><strong>an.</strong></span> <span class='ocrx_word' id='word_1_190' title='bbox 795 3617 914 3711; x_wconf 78' lang='lat'>17883</span> <span class='ocrx_word' id='word_1_191' title='bbox 964 3619 1049 3692; x_wconf 85' lang='lat' dir='ltr'><strong>item</strong></span> <span class='ocrx_word' id='word_1_192' title='bbox 1075 3618 1215 3716; x_wconf 88' lang='lat' dir='ltr'><strong>Adleri,</strong></span> <span class='ocrx_word' id='word_1_193' title='bbox 1242 3618 1367 3695; x_wconf 88' lang='lat' dir='ltr'><strong>Alton.</strong></span> 
     </span>
     <span class='ocr_line' id='line_1_27' title="bbox 77 3749 1368 3854; baseline -0.002 -27"><span class='ocrx_word' id='word_1_194' title='bbox 77 3749 189 3827; x_wconf 68' lang='lat'><strong>17⁹2.</strong></span> <span class='ocrx_word' id='word_1_195' title='bbox 215 3752 273 3828; x_wconf 84' lang='lat' dir='ltr'><strong>cui</strong></span> <span class='ocrx_word' id='word_1_196' title='bbox 297 3750 478 3851; x_wconf 83' lang='lat' dir='ltr'><strong>adspersit</strong></span> <span class='ocrx_word' id='word_1_197' title='bbox 503 3752 616 3828; x_wconf 84' lang='lat' dir='ltr'><strong>editor</strong></span> <span class='ocrx_word' id='word_1_198' title='bbox 641 3751 830 3850; x_wconf 86' lang='lat' dir='ltr'><strong>decerptas</strong></span> <span class='ocrx_word' id='word_1_199' title='bbox 857 3749 1025 3854; x_wconf 82' lang='lat' dir='ltr'><strong>quasdam</strong></span> <span class='ocrx_word' id='word_1_200' title='bbox 1047 3751 1174 3825; x_wconf 89' lang='lat' dir='ltr'><strong>Poleni</strong></span> <span class='ocrx_word' id='word_1_201' title='bbox 1200 3751 1368 3824; x_wconf 83' lang='lat' dir='ltr'><strong>aliorum-</strong></span> 
     </span>
     <span class='ocr_line' id='line_1_28' title="bbox 76 3882 1367 3983; baseline -0.002 -25"><span class='ocrx_word' id='word_1_202' title='bbox 76 3907 148 3982; x_wconf 86' lang='lat' dir='ltr'><strong>que</strong></span> <span class='ocrx_word' id='word_1_203' title='bbox 173 3883 234 3983; x_wconf 85' lang='lat' dir='ltr'><strong>(v.</strong></span> <span class='ocrx_word' id='word_1_204' title='bbox 258 3908 295 3983; x_wconf 83' lang='lat' dir='ltr'><strong>g.</strong></span> <span class='ocrx_word' id='word_1_205' title='bbox 321 3883 520 3981; x_wconf 79' lang='lat' dir='ltr'><strong>Gorradini,</strong></span> <span class='ocrx_word' id='word_1_206' title='bbox 548 3882 760 3983; x_wconf 77' lang='lat' dir='ltr'><strong>0psopoei)</strong></span> <span class='ocrx_word' id='word_1_207' title='bbox 791 3895 894 3957; x_wconf 93' lang='lat' dir='ltr'><strong>notas</strong></span> <span class='ocrx_word' id='word_1_208' title='bbox 920 3908 988 3957; x_wconf 90' lang='lat' dir='ltr'><strong>una</strong></span> <span class='ocrx_word' id='word_1_209' title='bbox 1015 3909 1093 3957; x_wconf 91' lang='lat' dir='ltr'><strong>cum</strong></span> <span class='ocrx_word' id='word_1_210' title='bbox 1120 3885 1216 3956; x_wconf 89' lang='lat' dir='ltr'><strong>suis:</strong></span> <span class='ocrx_word' id='word_1_211' title='bbox 1252 3885 1367 3981; x_wconf 91' lang='lat' dir='ltr'><strong>ipsius</strong></span> 
     </span>
     <span class='ocr_line' id='line_1_29' title="bbox 75 4012 1364 4114; baseline -0.002 -22"><span class='ocrx_word' id='word_1_212' title='bbox 75 4030 195 4093; x_wconf 88' lang='lat' dir='ltr'><strong>tamen</strong></span> <span class='ocrx_word' id='word_1_213' title='bbox 219 4015 348 4093; x_wconf 87' lang='lat' dir='ltr'><strong>Adleri</strong></span> <span class='ocrx_word' id='word_1_214' title='bbox 380 4017 521 4092; x_wconf 90' lang='lat' dir='ltr'><strong>notulae</strong></span> <span class='ocrx_word' id='word_1_215' title='bbox 554 4023 617 4091; x_wconf 86' lang='lat' dir='ltr'><strong>vix</strong></span> <span class='ocrx_word' id='word_1_216' title='bbox 651 4027 953 4090; x_wconf 87' lang='lat' dir='ltr'><strong>suntmemoratu</strong></span> <span class='ocrx_word' id='word_1_217' title='bbox 978 4015 1117 4114; x_wconf 79' lang='lat' dir='ltr'><strong>dignae.</strong></span> <span class='ocrx_word' id='word_1_218' title='bbox 1171 4012 1275 4107; x_wconf 79' lang='lat' dir='ltr'><strong>Quae</strong></span> <span class='ocrx_word' id='word_1_219' title='bbox 1301 4041 1364 4090; x_wconf 87' lang='lat' dir='ltr'><strong>se·</strong></span> 
     </span>
     <span class='ocr_line' id='line_1_30' title="bbox 77 4147 1366 4247; baseline -0.005 -21"><span class='ocrx_word' id='word_1_220' title='bbox 77 4160 232 4246; x_wconf 88' lang='lat' dir='ltr'><strong>quuntur</strong></span> <span class='ocrx_word' id='word_1_221' title='bbox 255 4148 346 4225; x_wconf 87' lang='lat' dir='ltr'><strong>duae</strong></span> <span class='ocrx_word' id='word_1_222' title='bbox 371 4149 555 4244; x_wconf 89' lang='lat' dir='ltr'><strong>editiones,</strong></span> <span class='ocrx_word' id='word_1_223' title='bbox 589 4148 709 4223; x_wconf 90' lang='lat' dir='ltr'><strong>itidem</strong></span> <span class='ocrx_word' id='word_1_224' title='bbox 734 4173 780 4224; x_wconf 84' lang='lat' dir='ltr'><strong>ex</strong></span> <span class='ocrx_word' id='word_1_225' title='bbox 805 4148 931 4224; x_wconf 90' lang='lat' dir='ltr'><strong>Poleni</strong></span> <span class='ocrx_word' id='word_1_226' title='bbox 958 4148 1012 4222; x_wconf 94' lang='lat' dir='ltr'><strong>ed.</strong></span> <span class='ocrx_word' id='word_1_227' title='bbox 1038 4150 1221 4247; x_wconf 84' lang='lat' dir='ltr'><strong>repetitae,</strong></span> <span class='ocrx_word' id='word_1_228' title='bbox 1250 4147 1366 4222; x_wconf 88' lang='lat' dir='ltr'><strong>conti·</strong></span> 
     </span>
     <span class='ocr_line' id='line_1_31' title="bbox 76 4279 1368 4377; baseline -0.002 -21"><span class='ocrx_word' id='word_1_229' title='bbox 76 4293 164 4356; x_wconf 88' lang='lat' dir='ltr'><strong>nent</strong></span> <span class='ocrx_word' id='word_1_230' title='bbox 199 4284 316 4360; x_wconf 87' lang='lat' dir='ltr'><strong>etiam·</strong></span> <span class='ocrx_word' id='word_1_231' title='bbox 342 4284 556 4374; x_wconf 88' lang='lat' dir='ltr'><strong>versionem,</strong></span> <span class='ocrx_word' id='word_1_232' title='bbox 598 4307 667 4355; x_wconf 90' lang='lat' dir='ltr'><strong>una</strong></span> <span class='ocrx_word' id='word_1_233' title='bbox 693 4282 864 4377; x_wconf 88' lang='lat' dir='ltr'><strong>Italicam,</strong></span> <span class='ocrx_word' id='word_1_234' title='bbox 906 4282 1017 4355; x_wconf 91' lang='lat' dir='ltr'><strong>altera</strong></span> <span class='ocrx_word' id='word_1_235' title='bbox 1044 4281 1229 4357; x_wconf 87' lang='lat' dir='ltr'><strong>Gallicam.</strong></span> <span class='ocrx_word' id='word_1_236' title='bbox 1286 4279 1368 4357; x_wconf 91' lang='lat' dir='ltr'><strong>Una</strong></span> 
     </span>
     <span class='ocr_line' id='line_1_32' title="bbox 78 4410 1391 4504; baseline -0.011 -16"><span class='ocrx_word' id='word_1_237' title='bbox 78 4424 157 4490; x_wconf 84' lang='lat' dir='ltr'><strong>est:</strong></span> <span class='ocrx_word' id='word_1_238' title='bbox 184 4412 526 4494; x_wconf 79' lang='lat' dir='ltr'><strong>Commentario</strong></span> <span class='ocrx_word' id='word_1_239' title='bbox 554 4415 598 4492; x_wconf 93' lang='lat' dir='ltr'><strong>di</strong></span> <span class='ocrx_word' id='word_1_240' title='bbox 623 4413 770 4494; x_wconf 87' lang='lat' dir='ltr'><strong>Sesto</strong></span> <span class='ocrx_word' id='word_1_241' title='bbox 798 4412 1239 4504; x_wconf 71' lang='lat' dir='ltr'><strong>Giultouromtno,</strong></span> <span class='ocrx_word' id='word_1_242' title='bbox 1258 4410 1391 4499; x_wconf 43' lang='lat' dir='ltr'><strong>uss&amp;</strong></span> 
     </span>
    </p>
   </div>
   <div class='ocr_carea' id='block_1_3' title="bbox 0 0 1449 4710">
    <p class='ocr_par' dir='ltr' id='par_1_4' title="bbox 0 0 1449 4710">
     <span class='ocr_line' id='line_1_33' title="bbox 0 0 1449 4710; baseline 0 0"><span class='ocrx_word' id='word_1_243' title='bbox 0 0 1449 4710; x_wconf 95' lang='lat' dir='ltr'><strong> </strong></span> 
     </span>
    </p>
   </div>
  </div>
 </body>
</html>
