2888 4710
76 144 124 218 68
536 142 904 223 IIRON'IINUS

173 364 626 459 Woeccxxxvffl:
643 379 803 476 ampliuS,
816 402 921 475 quam
932 378 967 451 in
981 377 1164 476 conceptis
1177 400 1357 453 commen-

170 501 338 572 tariorum
365 508 430 593 est,
460 497 626 593 quinariis
651 492 1008 571 Mccccuxxv.
1044 492 1208 586 Quarum
1234 494 1356 591 acqui-

171 616 331 689 sitionem
366 638 434 686 non
469 611 572 685 avide
603 637 660 685 me
695 611 877 708 amplecti,
914 635 982 707 quo
1016 611 1083 684 alio
1110 608 1216 684 modo
1244 608 1355 683 mani·

170 730 298 805 sestius
331 730 496 828 probem,
526 752 628 825 quam
655 727 749 824 quod
779 728 813 799 in
841 729 1045 826 erogatione
1071 729 1232 825 ipsorum
1257 749 1356 798 com·

169 849 415 920 mentariorum
449 846 560 919 maior
599 867 683 942 pars
724 868 844 917 earum
876 845 1100 917 continetur?
1149 840 1357 940 Erogantur

168 964 259 1036 enim
299 964 476 1060 quinariae
506 950 667 1055 1*on
695 985 774 1034 cum
800 960 951 1057 alioquin
976 961 1011 1033 in
1026 960 1160 1035 eisdem
1173 980 1354 1032 commen·

167 1080 266 1152 tariis
280 1081 477 1153 inveniatur
491 1080 672 1176 conceptio
687 1102 755 1151 non
769 1076 930 1174 amplius,
947 1099 1051 1172 quam
1065 1063 1353 1152 lllTCOLxlss.

165 1196 360 1271 Praeterea
386 1196 544 1294 intercipi
569 1220 639 1269 non
658 1203 792 1270 tantum
803 1193 1012 1288 DXXVII,
1041 1194 1354 1290 quaeintermen-

165 1336 271 1386 suras
297 1324 439 1387 nostras
467 1323 501 1387 et
527 1314 768 1411 erogationem
793 1312 975 1406 intersunt,
1004 1310 1070 1383 sed
1082 1311 1190 1408 longe
1205 1310 1353 1409 amplio-

164 1454 237 1503 rem
264 1429 406 1503 modum
432 1429 655 1529 deprehendi.
680 1427 826 1523 Exquo
854 1436 1008 1524 apparet,
1039 1427 1142 1499 etiarn
1156 1428 1353 1503 exuberare

164 1544 453 1643 comprehensam
485 1573 504 1620 a
536 1548 641 1621 nobis
676 1566 887 1618 mensuram.
940 1540 1057 1618 Cuius
1089 1543 1140 1617 rei
1166 1544 1256 1620 ratio
1285 1559 1351 1638 cst,

164 1662 257 1757 quod
290 1665 348 1735 vis
380 1688 492 1760 aquae
525 1664 703 1760 rapacior,
740 1672 778 1734 ut
813 1687 858 1735 ex
889 1661 990 1756 largo
1017 1672 1052 1734 et
1078 1661 1187 1738 celeri
1213 1661 1352 1739 flumine

164 1789 323 1877 excepta,
352 1780 538 1853 uelocitate
564 1781 642 1877 ipsa
669 1779 809 1877 ampliat
833 1777 984 1852 modum.

62 2014 355 2029 num

205 2171 383 2254 CCLXIII)
405 2173 435 2234 V
459 2175 490 2234 ct
512 2171 578 2234 cdd.
604 2173 754 2237 CLXIII.

202 2293 262 2334 oon
285 2269 413 2352 tantum]
437 2273 482 2333 V:
506 2292 565 2334 non
586 2282 694 2335 tronea.
738 2273 776 2356 Fj:
799 2280 915 2339 notavi.

201 2372 259 2433 secl
281 2368 387 2452 Ioppe)
419 2372 465 2432 Ita
481 2371 548 2434 1¹01.
591 2372 664 2434 Jct
691 2387 760 2436 rec:
789 2376 845 2436 sed
867 2386 898 2438 et
918 2376 1019 2454 Ionpe.
1062 2370 1251 2436 Tres'codd.
1277 2375 1347 2438 etr

161 2472 298 2535 omittunt
318 2472 398 2548 sed,·
425 2472 504 2554 quod
527 2473 677 2552 nimirum,
702 2475 818 2535 exarari
841 2473 959 2536 solitum
982 2484 1038 2551 set,
1061 2493 1078 2536 a
1098 2476 1240 2554 praeced.
1271 2484 1346 2554 auat,

159 2589 214 2649 per
241 2572 445 2650 compendium
472 2573 586 2650 scripto
610 2561 649 2647 cI,
670 2574 842 2653 absorptum
865 2578 922 2636 cst.

200 2671 294 2731 Cotus
314 2673 361 2731 rei
381 2674 461 2732 rotr'o
484 2666 559 2750 etc.)
590 2671 633 2734 G:
656 2678 706 2734 cur·
726 2678 772 2734 rei
792 2679 939 2738 rationem
970 2676 1116 2757 quemme.
1158 2669 1203 2735 Ut
1226 2672 1286 2738 Cui
1304 2678 1348 2741 rei

158 2775 239 2832 ratio
260 2780 315 2849 est,
339 2771 500 2853 quodiam
544 2770 576 2832 ln
597 2771 614 2830 J
638 2776 698 2848 cst,
721 2777 753 2834 ut
774 2775 930 2839 edidimus.
952 2774 1042 2841 Pon.
1094 2773 1161 2838 Pol.
1176 2770 1346 2864 codicisc

158 2872 294 2947 vestigia
315 2873 475 2931 assecutus
496 2888 554 2931 non
576 2876 636 2948 ost,
658 2873 687 2932 in
704 2892 762 2954 quo
776 2879 933 2937 exaretur:
964 2875 1022 2938 Cui
1032 2880 1079 2937 rei
1089 2879 1170 2938 ratio
1185 2896 1237 2963 eq
1255 2879 1346 2953 (sult-

157 2974 258 3030 notata
279 2968 360 3030 linea
381 2967 587 3051 circumnexa)
611 2975 670 3046 cis,
693 2973 753 3034 ic.
775 2978 855 3035 ratio
872 2984 919 3035 est
940 2976 1030 3058 quod.
1052 2976 1127 3039 Nam
1149 2960 1176 3044 ἶ
1188 2982 1219 3043 iu
1238 2979 1347 3044 Ouiti-

158 3086 216 3149 qne
238 3067 390 3146 significat
410 3078 472 3146 eat,
501 3072 532 3133 et
553 3087 572 3152 q
593 3070 754 3133 subnotata
774 3073 854 3135 linea
879 3071 1078 3154 Icircumtiexa
1104 3084 1153 3141 est
1174 3080 1281 3164 quod5
1305 3082 1348 3143 ito

158 3172 190 3228 ut
213 3169 291 3228 inter
312 3164 338 3229 C
360 3169 392 3228 ct
413 3165 440 3229 U
460 3167 556 3247 probe
579 3171 740 3232 conveniat
761 3177 843 3245 (nam
871 3178 919 3239 ius
946 3179 977 3238 et
1002 3181 1052 3240 oie
1073 3177 1144 3239 nlhii
1174 3178 1346 3262 differunt).

157 3266 251 3328 Porro
280 3263 403 3329 Corrad.
431 3268 540 3329 retinet
568 3273 618 3331 cui
642 3275 707 3348 rei,
734 3272 862 3334 afferens
889 3273 959 3336 Art.
988 3279 1046 3338 io:
1079 3281 1130 3340 oui
1156 3280 1266 3341 titulus
1291 3290 1347 3344 est.

156 3366 246 3428 Adde
273 3372 337 3431 not.
363 3367 401 3429 ad
428 3364 498 3429 Art.
527 3373 576 3428 19.
619 3368 725 3449 Neque
750 3371 838 3434 aliter
865 3373 992 3437 exhibet
1019 3375 1116 3439 Iocum
1151 3377 1346 3463 Oudendorp.

156 3466 193 3526 ad
215 3466 347 3527 Frontm.
370 3467 507 3543 straten.
537 3464 563 3529 1.
585 3472 621 3547 o,
648 3473 678 3530 2.
722 3470 795 3534 Sch.
825 3478 921 3536 autem
949 3479 1089 3539 annotat:
1123 3479 1175 3540 cui
1200 3498 1347 3562 compen-

158 3562 244 3624 IIosc
267 3566 410 3644 scriptum
432 3586 502 3628 csso
523 3584 578 3646 pro
602 3571 709 3635 cuius:
729 3571 760 3632 id
778 3573 869 3653 quod,
892 3575 922 3636 in
954 3576 1063 3637 ceteris
1085 3575 1170 3639 libris
1180 3584 1346 3658 servatum,

158 3661 261 3723 verius
283 3664 396 3726 iudico.
439 3665 568 3728 Scilicet
588 3667 678 3747 pleno
699 3669 849 3750 scripturo
871 3677 935 3738 crat
956 3679 1033 3753 cui',
1061 3678 1082 3739 i.
1105 3694 1133 3738 c.
1157 3680 1255 3744 cuius.
1292 3678 1346 3742 Sic

157 3761 225 3822 Art.
248 3766 289 3823 26
310 3763 340 3822 In
364 3762 390 3827 C
412 3763 526 3841 legitur
546 3769 619 3851 ipsi,
641 3787 696 3847 pro
719 3773 801 3852 ἐμεῖ’,
824 3772 846 3832 i.
869 3791 898 3835 c.
922 3775 1030 3853 ipsius.
1052 3774 1121 3839 Art.
1145 3780 1181 3839 m
1205 3778 1235 3841 in
1255 3778 1347 3844 Uest

157 3864 215 3922 cut’
239 3861 284 3931 (Iu
305 3861 335 3922 V
357 3862 382 3922 Ρ
405 3873 476 3943 cu),
502 3867 524 3925 1.
543 3885 570 3930 c.
594 3869 691 3929 cuius.
733 3869 803 3933 Art.
826 3873 865 3933 16
887 3874 916 3935 in
940 3873 969 3934 V
990 3875 1105 3953 legitur
1128 3877 1250 3958 ennodi,
1272 3881 1295 3943 1.
1318 3898 1344 3944 c.

156 3959 313 4022 eiusmodi.
357 3959 404 4023 Cf.
427 3963 464 4023 ad
486 3963 554 4026 Art.
577 3971 597 4027 2
619 3971 651 4029 ct
670 3972 721 4030 94.

197 4061 363 4142 rapucr‘or)
386 4058 525 4122 Oudcnd.
549 4066 586 4126 ad
609 4067 743 4146 Strateg.
765 4090 795 4151 p.
820 4077 889 4134 1⁰1.
916 4072 1054 4143 numu.
1097 4075 1128 4137 V
1149 4080 1180 4139 ct
1202 4077 1270 4142 cdd.
1292 4098 1344 4141 rc-

155 4160 341 4317 ppstissimac
371 4164 529 4241 capacior.
578 4164 645 4228 Pol.
674 4169 797 4233 coniicit
821 4172 982 4252 rapidr'or,
1004 4174 1189 4255 improbante
1218 4176 1344 4241 Ouden-

176 4277 272 4338 orpro.
