2888 4710
424 206 496 282 DE
522 206 713 301 AQUAu
738 205 1014 286 necemus.
1287 200 1362 276 107

79 439 244 532 Balnea,
293 463 382 536 qnae
419 440 558 537 publiea
594 441 771 535 lavarent,
816 441 1038 538 privilegium
1076 439 1263 533 antiquitus

81 554 360 650 concedebatur,
388 570 427 629 ut
451 557 563 631 semel
589 556 667 631 data
694 581 783 654 aqua
801 566 969 656 perpetuo
990 564 1157 628 maneret.
1197 549 1263 627 Sie

82 696 129 744 ex
161 672 343 746 veteribus
370 668 528 749 Senatus
556 673 728 747 consultis
761 673 1027 770 cognoscimus,
1065 668 1262 764 exquibus

81 811 189 860 unum
222 787 369 861 subieei.
419 788 526 862 Nune
560 790 672 862 omnis
705 813 816 885 aquae
849 812 928 860 eum
960 808 1176 884 possessore
1208 790 1262 855 in-

80 914 260 976 stauratur
284 902 503 977 beneficium.
598 966 609 993 ,

161 1015 288 1109 Quod
326 1016 378 1110 Ο.
416 1019 586 1094 Aelius
632 1019 829 1115 Tubero,
876 1018 1048 1092 Paulus
1092 1014 1262 1090 Fabius
1287 1009 1362 1085 108

80 1133 307 1209 Maximus
335 1133 470 1212 Coss,
501 1135 551 1209 V.
577 1137 640 1231 li.7
670 1135 893 1209 constitui
920 1144 1152 1230 oportere,
1180 1153 1263 1226 quo

80 1251 179 1325 iure
223 1262 356 1325 extra
394 1252 604 1349 intraque
643 1252 808 1329 Urbem
846 1250 1064 1324 ducerent
1102 1269 1261 1357 aquas,

124 1577 163 1669 Q.
184 1580 310 1656 Aelius)
336 1581 406 1646 Vi*
427 1603 486 1649 om.
509 1583 547 1675 Q.
587 1583 621 1645 ln
643 1583 669 1648 0
692 1588 754 1646 est:
779 1583 870 1674 Quod
890 1603 948 1665 qne
966 1582 1068 1645 Atius.
1299 1591 1347 1644 108

124 1684 282 1761 oportere)
306 1680 417 1744 UVF
425 1712 432 1750 ε
455 1692 585 1766 oportet.
627 1683 703 1745 JB:
726 1693 892 1764 oporteret.

123 1787 215 1840 extre
235 1783 392 1862 intraque)
414 1781 460 1844 lta
481 1783 511 1844 V
532 1788 563 1844 et
585 1783 653 1844 edd.
677 1787 707 1844 et
729 1803 768 1842 ex
788 1780 837 1843 his
857 1782 1040 1844 Brissonius
1083 1778 1151 1840 Pol.
1174 1796 1214 1838 ex
1236 1774 1263 1836 U

81 1876 168 1939 dedit
187 1881 270 1940 intre
284 1886 440 1963 extroque.
466 1880 511 1943 At
533 1881 559 1945 0
575 1882 701 1960 praebet
720 1885 802 1943 intro
819 1884 869 1964 qui
886 1927 893 1945 .
912 1925 920 1943 .
940 1923 975 1940 ..
998 1884 1074 1951 (non
1095 1882 1196 1940 iutra.
1210 1919 1219 1936 .
1232 1918 1262 1936 ..

81 1979 150 2058 pei,
171 1976 239 2041 Pol.
260 1979 444 2054 referente),
466 1980 487 2044 i.
505 1999 532 2045 e.
554 1985 707 2062 introque,
728 1985 796 2042 ante
818 1981 897 2062 (ruod
918 1990 1008 2042 extre
1030 1978 1184 2040 excidisse
1205 1994 1264 2056 ap-

78 2079 175 2154 paret.

120 2192 238 2257 upuee,
266 2174 390 2259 quibes)
427 2176 504 2240 Edd.
532 2195 594 2239 rec.
624 2183 654 2239 et
681 2197 722 2240 ex
747 2177 797 2240 his
824 2179 919 2242 Briss.
947 2181 977 2239 et
1003 2175 1076 2238 Pol:
1108 2194 1207 2256 equae
1227 2177 1262 2251 ii,

122 2372 161 2463 Q.
178 2373 223 2437 D.
238 2372 281 2437 E.
303 2378 381 2448 ete.)
409 2375 487 2438 Tres
509 2375 598 2441 eodd.
619 2381 650 2439 et
670 2375 709 2443 F:
733 2376 770 2466 Q
786 2378 831 2440 D.
848 2377 889 2439 E.
905 2373 947 2437 e.
968 2374 1001 2436 J.
1030 2376 1109 2453 (sie,
1131 2393 1191 2436 non
1212 2373 1261 2448 ἢ·

80 2475 113 2534 et
133 2473 165 2534 in
185 2472 233 2537 ed.
254 2473 337 2537 uror.
359 2479 409 2536 est
428 2475 488 2548 L.)
510 2473 548 2538 P.
564 2475 654 2539 ΙΝ.
696 2475 849 2537 Bfiahet:
874 2475 911 2563 Q.
928 2475 972 2534 Ι).
990 2474 1029 2534 Ε.
1047 2473 1087 2536 R.
1104 2473 1144 2535 F.
1161 2473 1199 2535 Ρ.
1216 2472 1261 2535 D.

79 2570 121 2633 E.
137 2571 170 2634 J.
212 2570 352 2656 Demque
372 2574 392 2636 J
412 2575 456 2636 ito
475 2573 571 2653 legit,
594 2578 626 2637 ut
648 2576 796 2637 edidimus
816 2578 887 2655 post
907 2573 1002 2637 Briss.
1024 2572 1089 2633 Pol.
1112 2570 1208 2642 aiios,
1232 2575 1263 2632 et

78 2671 164 2733 utin
186 2673 298 2733 ueteris
318 2670 353 2736 S.
365 2670 433 2736 cers
453 2671 621 2735 habuimus.

120 2774 167 2833 rrti
186 2773 227 2832 iia
247 2790 344 2855 usque
362 2777 441 2846 ete.)
465 2769 507 2835 Gt
529 2782 562 2834 et
581 2776 630 2834 ius
650 2792 760 2854 eoque,
782 2773 804 2833 i.
823 2789 850 2832 e.
872 2774 1098 2853 aridamque,
1120 2774 1153 2831 ut
1172 2768 1263 2829 vide-

77 2886 145 2930 mus
165 2868 195 2929 in
214 2868 240 2931 U
256 2869 286 2932 V
301 2870 326 2933 F
339 2872 371 2933 J.
413 2870 476 2934 Sed
499 2873 529 2933 in
551 2872 807 2934 emendationibus
829 2875 990 2933 erratorum
1010 2870 1163 2931 docendus
1184 2868 1263 2944 legit

78 2970 125 3030 uti
145 2972 186 3030 iia
206 2988 337 3053 quoque,
364 2970 443 3052 qued
470 2972 501 3033 in
521 2971 597 3033 elias
620 2972 729 3033 deinde
751 2972 821 3033 edd.
845 2977 892 3043 (v.
909 2990 942 3048 g.
958 2970 1001 3041 Β)
1031 2969 1163 3047 transiit,
1193 2974 1262 3030 eta

76 3058 382 3131 bersoniacum
405 3073 464 3132 est.
507 3070 595 3159 Quod
617 3090 703 3153 quum
725 3069 811 3133 nihili
833 3072 892 3145 sit,
921 3069 988 3130 Pol.
1012 3068 1182 3128 onrendarit
1203 3088 1258 3128 es-

79 3186 156 3249 que,
189 3168 210 3229 i.
232 3186 262 3229 o.
294 3187 390 3252 usque
420 3185 481 3232 eor
516 3189 591 3252 quae
622 3169 735 3232 lenutio
767 3172 871 3252 utique
904 3172 951 3229 est
982 3166 1083 3230 latina.
1130 3163 1260 3227 coriaut

77 3284 224 3349 eousque.
265 3264 344 3338 sun
375 3271 421 3330 νὴ·
452 3271 493 3331 iia
523 3288 618 3352 eoque
643 3278 776 3330 meamet
802 3278 834 3331 et
857 3267 1013 3330 attributio
1042 3285 1204 3347 equorum,
1221 3298 1261 3308 -

77 3365 182 3447 quoad
201 3368 273 3440 ete.
302 3364 401 3450 (Dass
422 3367 477 3430 das
492 3367 608 3446 Reeht,
631 3369 689 3429 und
711 3366 804 3430 daher
825 3366 901 3429 anch
924 3369 972 3428 die
989 3365 1182 3442 Anweisung
1202 3382 1262 3424 von

75 3464 224 3527 Wassem
239 3483 339 3528 ——se
360 3465 451 3546 iunge
471 3466 649 3530 verbleiben
670 3477 780 3547 mogo,
802 3469 863 3530 wie
884 3466 1040 3528 dieseihen
1062 3469 1140 3538 ete.)

117 3568 450 3647 exeeptis-nornine)
475 3566 544 3629 Non
565 3566 677 3629 habent
697 3587 781 3629 suum
802 3565 919 3645 laeum,
942 3569 974 3626 et
996 3568 1065 3624 sunt
1086 3562 1262 3625 collocanda

75 3662 107 3724 in
128 3661 198 3725 bne.
240 3660 290 3726 Gt.
312 3663 446 3728 Artaba
467 3671 605 3744 exceptio
625 3667 675 3730 die
695 3677 837 3751 wetteor
858 3669 918 3726 ete.
960 3664 1069 3725 lterum
1092 3663 1263 3741 transposi-

75 3762 120 3823 tio
142 3762 175 3823 in
196 3760 232 3824 S.
249 3759 286 3825 0.
307 3764 385 3825 infra
405 3763 474 3829 Art.
492 3768 568 3827 121:
593 3786 651 3847 per
672 3783 962 3849 puae-eorrumpi.
1004 3762 1063 3826 Nb.
1085 3762 1261 3824 Victorinus

76 3861 116 3921 de
144 3859 292 3941 orthogr.
318 3882 367 3944 ap.
392 3864 534 3927 Perizon.
564 3865 664 3927 Anim.
691 3864 772 3926 Hist.
800 3884 831 3943 p.
854 3868 924 3925 430.
972 3862 1110 3925 numu.
1161 3858 1186 3923 0
1215 3861 1259 3921 U²

72 3964 213 4043 exeeptis
233 3980 321 4045 pree
340 3967 372 4025 io
392 3984 440 4026 ea.

116 4058 309 4136 balnearem]
330 4062 400 4126 Art.
416 4067 472 4131 942
495 4063 679 4127 balnearum.
705 4063 774 4126 Art.
788 4065 864 4129 1012
888 4061 1015 4126 balneis.
1042 4062 1111 4123 Pol.
1130 4080 1170 4122 ex
1188 4060 1260 4120 edd³

73 4158 272 4224 bromme.
1251 4190 1260 4211 ν

115 4263 197 4341 Auo.
224 4266 357 4337 nornine)
380 4261 423 4325 U:
461 4273 568 4325 austes
600 4264 753 4341 (canopi.
775 4280 817 4323 ex
839 4266 1007 4343 aripertus)
1039 4263 1166 4322 nomine.
1220 4255 1260 4319 0²

72 4360 202 4424 teuscus
222 4367 360 4439 nemim
381 4364 551 4427 introducta
571 4362 672 4428 littera
693 4362 713 4424 d
735 4380 777 4424 ex
798 4380 898 4443 more,
922 4361 960 4425 de
982 4378 1041 4444 quo
1063 4360 1100 4421 ad
1121 4357 1190 4420 Art.
1206 4359 1257 4418 33.
