2888 4710
73 186 152 263 222
493 184 931 264 ANNO'PA'I'IONES.
969 240 973 253 .

681 425 750 484 119.

159 539 458 620 opera-aaeeeatar)
485 537 572 624 Quia,
595 556 659 598 eum
675 540 835 599 nascuntur
855 536 930 596 uitia
944 537 975 596 in
990 553 1085 616 oquae
1102 534 1260 614 ductibus,
1281 553 1349 615 ope-

77 672 138 713 rum
161 657 209 715 est
230 653 408 715 necessitas.
436 651 527 714 Por..
569 652 644 715 Sch.
667 653 760 714 vertit
781 651 1044 730 „Baoarheiten“,
1076 650 1186 712 lieinr.
1207 652 1279 715 nrt.
1299 655 1349 713 120

78 769 390 848 ,Baureporaturon“.
433 769 544 830 Eadem
566 767 693 829 formula
712 766 782 829 nrt.
805 771 875 828 120.
899 772 968 829 122.
1013 766 1163 846 Compara
1189 765 1262 829 Art.
1284 771 1350 828 126:

76 888 155 946 citio
183 887 330 947 oriuntur.
382 884 451 947 Art.
482 888 556 947 125:
588 892 696 966 partae
725 882 864 945 daetaam
894 883 1042 945 laborant.
1093 882 1172 944 Hinc
1200 881 1348 961 intellige:

78 1018 170 1080 opera
191 1003 359 1078 nascuntur,
382 998 448 1061 scii.
472 1019 512 1060 ex
533 1000 706 1079 reparandis
727 999 824 1060 vitiis.

157 1116 298 1198 prudenti
319 1116 566 1197 temperamento)
600 1117 622 1178 1.
645 1132 673 1175 6.
703 1118 788 1176 canta
812 1133 957 1176 assensus
985 1115 1229 1192 sustentatione,
1259 1112 1349 1194 expli-

78 1236 163 1293 cante
193 1231 321 1294 Poieno.
368 1232 640 1311 Temperameotam
669 1234 717 1293 est
743 1230 926 1295 moderatio:
956 1232 1033 1293 inter
1061 1247 1139 1310 quoe
1170 1229 1350 1292 substance

78 1347 180 1409 eadem
202 1347 329 1408 aiiinitns
351 1347 520 1426 intercedit,
543 1349 631 1426 atque
654 1349 702 1408 est
723 1347 800 1407 inter
820 1356 989 1428 temperare
1009 1348 1040 1406 et
1060 1343 1233 1407 moderare.
1254 1345 1349 1407 Liuiae

79 1461 244 1535 (XXVIII.
266 1466 324 1533 44)
345 1465 509 1543 utromque,
531 1460 698 1524 moderatio
719 1470 751 1523 et
771 1470 1040 1543 temperamentum,
1064 1461 1234 1540 coniungit.
1275 1459 1349 1523 Kou-

77 1578 203 1640 chenios
225 1580 375 1657 comparat
395 1577 473 1639 Ptin.
495 1577 534 1639 H.
555 1577 593 1639 N.
615 1577 687 1638 XII.
710 1581 762 1655 25,
783 1582 841 1638 54:
864 1577 980 1657 artifea
1000 1583 1273 1657 temperamentum
1307 1571 1348 1638 ct.

75 1693 237 1758 i'orceilin.
266 1694 296 1754 in
318 1712 351 1753 v.
393 1693 536 1754 Prodenti
564 1693 767 1755 moderatione
789 1710 865 1770 erga
886 1710 941 1754 eos
962 1690 1114 1771 hornines,
1138 1693 1189 1775 qui
1213 1710 1290 1771 opus
1307 1691 1348 1752 ia-
1371 1724 1373 1735 ι

78 1827 148 1870 cere
170 1810 330 1890 quaerunt,
354 1809 494 1870 utendum
516 1811 575 1887 est,
598 1827 635 1871 ne
659 1827 760 1870 eorum
781 1807 991 1871 stommachum
1014 1826 1150 1887 moveas,
1173 1825 1234 1870 nen
1254 1808 1348 1889 posteo

76 1925 114 1985 ab
136 1924 173 1984 iis
195 1942 272 2002 opus
292 1922 368 1983 male
390 1924 570 2002 perficietur.

158 2038 353 2118 sustinenda)
391 2037 411 2098 i.
434 2057 462 2100 e.
485 2039 663 2119 diiierenda,
697 2041 764 2120 ipso
793 2041 1009 2119 interpretante
1030 2039 1173 2101 Frontino
1205 2039 1347 2120 inrepat

77 2161 112 2217 et
130 2157 270 2216 aestimet
291 2173 368 2236 qaae
392 2155 656 2236 repraesentanda
690 2157 727 2226 (1.
749 2173 777 2218 6.
803 2155 833 2220 in
854 2157 1027 2236 praesentia
1047 2150 1250 2236 perficienda)
1284 2170 1351 2237 paee

78 2268 252 2352 differenda
273 2273 344 2332 aiat.

167 2385 518 2468 opes-qaaereatiiao]
553 2388 573 2447 i.
596 2406 623 2448 e.
655 2387 830 2448 occasiones
857 2389 889 2449 et
916 2405 1021 2448 causas
1042 2385 1257 2469 quaerentibus
1277 2384 1350 2466 opert

63 2506 127 2565 aut
148 2502 286 2564 iaciendo
303 2504 353 2563 aut
374 2501 589 2582 amplificando.
609 2500 750 2564 iiEINR.

158 2616 415 2698 eoae-stationis)
443 2619 463 2681 1.
486 2636 514 2679 e.
538 2617 641 2696 oiiicii,
665 2635 720 2679 seu
742 2620 884 2679 muneris.
929 2618 1054 2681 Gesner.
1076 2617 1170 2680 'lires
1195 2615 1351 2678 6111666-

76 2753 147 2813 gyr.
169 2732 270 2795 Plinii.
294 2734 365 2812 „die
388 2733 463 2794 deno
485 2731 732 2812 Argestetiten.“
754 2733 894 2796 111111111.
917 2753 949 2794 v.
972 2735 1007 2794 ad
1030 2732 1098 2798 nrt.
1124 2736 1193 2798 iii.

158 2847 439 2931 repraesentanda)
461 2850 481 2911 1.
504 2851 602 2911 statim
624 2849 764 2912 faciendi.
806 2849 966 2911 Forceitin.
989 2849 1018 2910 in
1041 2869 1074 2910 v.
1110 2846 1176 2911 Cic.
1200 2849 1237 2910 ad
1259 2845 1353 2911 Fannii.

76 2965 118 3044 V,
143 2969 197 3029 16:
220 2965 397 3026 medicinam
418 2973 658 3046 repraesentare,
681 2954 710 3027 1.
724 2983 752 3026 6.
777 2965 991 3045 inpraesentia
1012 2966 1124 3027 iacere.
1147 2965 1220 3026 iirn.
1233 2960 1356 3026 clamo

76 3099 108 3144 v.
131 3079 255 3169 Quintil.
277 3079 318 3141 X.
342 3085 372 3157 i,
389 3085 424 3141 2:
447 3081 563 3142 iudicia
584 3090 835 3163 repraesentem·
857 3082 936 3162 quod
953 3100 1011 3142 non
1033 3080 1190 3142 intellexit
1202 3079 1354 3160 Spalding.

75 3196 204 3259 Sueton.
228 3194 336 3258 Octav.
362 3200 437 3257 iol:
460 3214 601 3257 sommam
622 3207 864 3279 repraesentare,
887 3199 907 3258 1.
930 3197 1078 3260 estotim
1101 3195 1237 3259 soluere.
1258 3197 1355 3260 Ernst

77 3314 107 3374 in
129 3311 193 3375 lnd.
215 3311 281 3373 Lat.
322 3311 366 3373 Μ.
388 3310 509 3372 Tollius
529 3312 627 3390 Epist.
655 3313 693 3373 60
720 3312 844 3377 Divers.
874 3317 926 3389 16,
950 3316 998 3375 ii.
1028 3316 1124 3376 exta:
1160 3332 1247 3395 eoem
1274 3315 1357 3374 eiiam

76 3427 324 3510 repraesentabo.
365 3427 526 3490 Vitiosum.
567 3427 678 3506 Lege:
714 3447 792 3511 paee
820 3430 977 3507 promissa.
1025 3428 1094 3489 Non
1121 3430 1206 3490 reote
1234 3426 1356 3505 Manat,

75 3560 174 3624 neque
196 3543 274 3603 idem
297 3544 334 3603 60
357 3542 488 3604 eiusdem
504 3542 572 3603 iihri
595 3562 644 3623 ep.
665 3547 715 3607 24.
737 3542 848 3608 Senee.
869 3544 968 3624 Epist.
990 3547 1030 3605 05
1052 3561 1098 3622 pr.
1142 3542 1210 3608 (iic.
1231 3543 1311 3606 Phii.
1322 3541 1357 3606 11

77 3662 127 3720 46.
148 3657 228 3718 iiinc
256 3657 454 3737 explicandus
485 3656 609 3721 Caelius
639 3678 686 3739 ap.
709 3656 776 3721 Cic.
802 3659 840 3721 60
861 3658 965 3722 Fannii.
986 3657 1073 3723 viil.
1100 3663 1131 3720 2.
1152 3661 1219 3723 1611.
1247 3641 1302 3720 obl
1323 3659 1358 3720 61.

76 3772 195 3835 Weisk.
216 3771 354 3836 Horon.

157 3907 216 3970 per
237 3887 419 3951 domesticos
440 3891 590 3972 artifices)
625 3890 759 3953 Attende
780 3891 1011 3971 oppositionem.
1051 3889 1276 3974 Redemptores
1296 3892 1357 3952 sont

77 4002 300 4082 reipublicae,
329 4003 464 4084 artifices
487 4005 645 4068 domestiei
664 4008 867 4087 privatorum:
899 4005 931 4068 hi
953 4008 989 4069 60
1010 4007 1167 4085 familiana,
1191 4007 1230 4068 ad
1252 4023 1356 4069 servor

78 4118 204 4200 opiiiees
225 4118 423 4198 pertinebant,
447 4139 568 4202 quornm
590 4142 673 4183 suum
695 4123 819 4205 quisque
842 4122 993 4186 artificium
1016 4122 1172 4184 callebant.
1194 4122 1357 4184 Nominan-

78 4239 126 4296 tur
154 4235 242 4297 etiam
270 4253 317 4314 op.
344 4234 421 4313 Nep.
442 4235 539 4298 Attio.
568 4241 616 4300 13.
650 4238 783 4319 artifices
812 4243 921 4319 aeteri,
949 4259 1024 4323 peoo
1053 4240 1153 4301 eattae
1175 4237 1356 4302 domesticae

80 4350 252 4414 desideret:
274 4352 323 4430 qni
346 4353 442 4413 tamen
465 4351 501 4413 alu
522 4354 635 4415 nostris
655 4354 796 4420 videntur
817 4371 887 4418 esse
908 4355 1040 4436 diuersi,
1064 4354 1130 4419 scil.
1152 4355 1189 4416 ad
1213 4354 1355 4418 luxuriam
