2888 4710
86 163 164 243 210
506 162 947 242 ANNOcAuthcs.

90 400 270 480 regionibus
290 397 384 461 dediti
408 397 504 463 inisse
525 398 724 462 videntum.
744 395 887 478 Inscript.
911 397 1099 462 ordinent
1125 402 1157 462 ot
1172 401 1297 463 ictorum
1316 401 1356 462 lo-

90 534 144 579 cos
165 515 242 597 apud
263 515 400 576 Brisson.
423 514 453 575 in
476 511 612 575 Scirardii
633 513 710 578 Lex.
730 514 794 575 Jor.
817 514 847 576 in
868 533 899 578 v.
918 514 1051 596 familia.

167 630 356 714 publicavit)
388 628 553 693 Publicare
582 647 641 691 non
669 647 788 710 semper
818 628 967 706 significat
989 629 1226 712 „confiscare,“
1249 635 1282 694 ut
1300 631 1358 695 Art

87 752 144 827 9¹3
176 747 231 809 sed
253 747 340 809 etiam
362 743 514 808 ultroneas
537 744 746 808 translationes
767 747 903 826 priuatae
928 745 973 808 rei
1000 745 1030 808 in
1058 748 1286 826 possessionem
1305 749 1359 810 rei-

87 861 234 943 publicae.
256 861 346 925 Pon.
388 860 469 922 idem
490 859 558 924 Ari.
582 866 650 924 lto.

700 1063 751 1121 99.

166 1218 320 1292 potestate
339 1216 431 1288 neta)
458 1209 508 1271 iix
529 1210 662 1273 Senatus
689 1208 827 1272 consulto
847 1209 1004 1271 Duumviri
1026 1208 1159 1273 Anionis
1180 1213 1357 1292 perducendi

87 1331 227 1392 creantur
246 1328 316 1392 Art.
337 1331 369 1388 6.
412 1327 443 1388 A
464 1325 577 1389 Senatu
598 1325 735 1387 Praetori
750 1325 884 1387 Marciae
904 1327 1115 1406 perducendae
1132 1330 1290 1406 negotium
1312 1331 1359 1391 da-

86 1448 134 1506 tur
154 1443 224 1507 Am.
248 1446 277 1505 i.
321 1440 401 1505 Cura
422 1460 562 1523 opernm,
593 1442 631 1503 ad
652 1459 791 1523 aquarum
814 1442 920 1503 ductus
941 1443 1164 1521 pertinentium,
1189 1448 1253 1505 erat
1273 1463 1358 1524 penes

85 1556 238 1622 Censores
259 1556 462 1641 Aedilesque.
504 1557 603 1620 Etiam
625 1557 814 1635 factumest,
836 1559 871 1619 ot
891 1559 921 1618 in
944 1556 1073 1619 Senatus
1094 1557 1234 1621 consulto
1256 1562 1357 1622 mentio

85 1673 171 1757 fieret
192 1674 403 1764 Quaesierunt,
425 1673 533 1757 quihus
556 1691 592 1735 ea
613 1690 684 1735 cura
704 1673 929 1734 demandaretur
950 1669 1035 1754 [Art.
1048 1671 1119 1755 96).
1161 1675 1270 1754 Leges
1291 1695 1357 1757 quo-

84 1807 141 1874 que
162 1789 304 1868 siugulae
325 1789 363 1850 de
385 1789 469 1871 aquis
492 1788 577 1850 iocre
607 1784 693 1869 [Art.
715 1792 765 1849 tt.
788 1783 858 1870 ct).
899 1787 997 1866 Igitur
1026 1789 1140 1851 civitati
1161 1791 1283 1871 quidem
1304 1810 1356 1869 res,

86 1907 120 1966 ut
140 1905 261 1966 maximi
284 1905 386 1985 operis
410 1907 440 1966 et
464 1904 622 1982 commodi,
645 1920 736 1966 curae
756 1904 865 1968 iuerat.
908 1903 971 1966 Sed
993 1923 1088 1985 usque
1109 1906 1147 1966 ad
1167 1903 1229 1967 hoc
1251 1910 1356 1987 tempus

83 2018 307 2103 magistratum,
337 2020 387 2103 qui
410 2037 497 2081 corae
520 2037 658 2102 aquarum
680 2022 772 2083 totum
795 2038 829 2082 se
851 2019 976 2082 dederet
997 2022 1140 2103 cuiusque
1161 2020 1223 2082 hoc
1245 2024 1354 2102 praeci-

82 2153 171 2214 puum
194 2136 370 2218 unicumque
393 2135 523 2196 officium
540 2139 634 2215 esset,
658 2135 764 2197 ciuitas
780 2154 840 2197 non
858 2137 1073 2199 constituerat:
1090 2136 1141 2198 alii
1163 2139 1353 2216 magistratui,

82 2247 211 2313 Censori
230 2251 437 2330 potissimum,
459 2269 530 2313 cora
551 2247 726 2312 demandata
747 2254 820 2329 erat,
842 2250 892 2332 qui
913 2269 950 2312 ea
969 2251 1054 2313 velut
1075 2271 1195 2314 munnere
1224 2258 1353 2316 extraor-

81 2365 193 2428 dinario
215 2365 443 2447 defungeretur,
465 2385 519 2430 sua
540 2366 637 2448 ipsius
656 2374 811 2448 potestate
831 2368 862 2428 et
882 2365 1004 2429 arbitrio
1025 2367 1077 2430 vei
1098 2371 1165 2448 ipse
1187 2369 1239 2432 vei
1256 2371 1353 2448 singu-

80 2481 176 2544 lorum
202 2481 352 2544 hominum
379 2482 570 2545 suffectorum
600 2483 741 2544 arbitratu
775 2482 860 2553 (Art.
882 2488 921 2553 97
951 2481 1017 2556 fin.)
1046 2501 1107 2545 rem
1139 2490 1265 2565 ageret,
1297 2485 1353 2569 quit

80 2598 153 2681 quid
174 2598 249 2659 luris
270 2601 372 2680 esset,
395 2617 450 2661 seu
471 2598 542 2680 quid
563 2598 732 2660 iaciendum
754 2598 824 2681 quid
846 2616 904 2659 non
926 2599 1091 2660 iaciendum
1114 2605 1213 2678 esset,
1236 2603 1352 2677 nondun

81 2714 174 2779 cartis
202 2711 323 2791 legibus
351 2714 543 2778 constitutum
573 2716 647 2775 erat.
691 2713 741 2774 iix
771 2731 830 2795 quo
859 2716 956 2776 autem
982 2714 1123 2796 Agrippa
1144 2715 1181 2777 de
1202 2715 1253 2779 his
1274 2716 1353 2779 rebus

81 2829 239 2909 tantopere
265 2829 388 2911 meritus
417 2832 483 2908 est,
517 2829 626 2891 civitas
654 2810 795 2909 proprios
821 2829 1013 2908 noagistratus
1040 2832 1171 2912 creauit,
1200 2829 1354 2896 Curatores

83 2961 233 3027 aquarum,
256 2946 321 3006 suis
342 2944 513 3024 insignibus
533 2945 699 3024 praeditos,
722 2944 875 3024 principes
896 2963 1015 3025 semper
1029 2947 1159 3008 civitatis
1179 2950 1266 3010 ciros
1278 2950 1354 3021 (Art.

83 3061 138 3138 l),
166 3059 275 3142 quihus
304 3079 442 3142 aquarum
465 3060 580 3120 unicum
607 3061 768 3121 iniunctum
796 3060 942 3139 officium3
967 3060 1039 3122 hinc
1066 3060 1196 3125 Senatus
1225 3063 1355 3126 consulta

81 3175 118 3237 ad
141 3175 235 3238 sciam
256 3193 394 3258 aquarum
411 3192 508 3238 curam
525 3176 705 3254 pertinentia
716 3175 784 3238 data
800 3179 870 3238 sunt
885 3174 1033 3259 legesque
1054 3177 1274 3259 promulgatae,
1294 3197 1356 3241 res-

80 3308 138 3373 que
160 3291 198 3354 ad
219 3294 331 3354 eertum
351 3292 400 3352 ins
420 3290 522 3353 rediit.

164 3407 216 3470 lec
233 3406 442 3489 promulgato)
465 3406 615 3496 Quinctia.
642 3406 708 3469 NB.
732 3405 843 3487 „teges
861 3406 1025 3490 perlatoe“
1047 3410 1108 3487 Art
1124 3414 1175 3490 ct,
1197 3411 1249 3473 ulol
1265 3429 1356 3473 sermo

82 3523 130 3584 est
152 3522 190 3583 de
211 3522 394 3603 temporibus
415 3520 526 3584 liberae
548 3522 593 3582 rei
614 3541 645 3602 p.
665 3521 804 3584 HdilNR.

130 3637 320 3726 ,Angustos
342 3656 458 3721 quoqne
478 3637 598 3711 edicto)
622 3636 749 3700 Sneton.
772 3637 840 3703 0ct.
862 3643 913 3702 tt.
935 3639 1071 3705 flnltttt.

162 3761 229 3815 toto
249 3773 284 3815 re
304 3757 335 3816 ia
350 3773 408 3816 aaa
429 3753 529 3834 tenes,
545 3754 715 3828 translata)
737 3753 892 3837 Nimirum,
915 3759 947 3819 ut
963 3775 1005 3818 ex
1021 3777 1088 3838 suo,
1109 3776 1170 3819 non
1191 3776 1232 3820 ex
1242 3757 1359 3841 Agrip-

80 3886 137 3951 pae
158 3868 307 3931 loeneiittlo
330 3887 365 3933 se
385 3887 488 3953 aquam
510 3868 622 3932 hahere
650 3874 872 3946 cognoscerent
894 3873 936 3953 ii,
966 3893 1087 3957 quorum
1110 3876 1266 3938 commodo
1288 3894 1360 3960 aqna

80 3983 270 4063 erogabatur.
298 3983 389 4051 Pon.
430 3982 503 4047 Scir.
526 3984 697 4062 „naehdcm
721 4004 754 4048 er
780 3987 833 4050 das
856 3988 956 4052 Gauue
978 3991 1032 4052 aui
1049 3992 1135 4052 scine
1155 3991 1360 4070 Bewiliignng

78 4101 320 4167 uaernommmA

86 4280 101 4309 „
160 4215 336 4283 Messalam
358 4217 536 4292 Corvinum)
567 4217 635 4282 Art.
660 4223 727 4282 102.
769 4218 907 4284 Perinon.
936 4222 967 4283 in
996 4221 1117 4301 Syllog.
1141 4222 1241 4302 ttptst.
1263 4225 1358 4288 Burro.

76 4330 190 4425 ψῃ.
209 4336 281 4399 fflt.
303 4324 441 4398 nutriit.
976 4333 978 4337 ’
