2888 4710
531 226 872 308 flts'roltlcus.
1268 223 1344 300 alb

104 467 136 528 et
156 467 188 529 ln
205 462 403 545 Capitolium.
441 462 502 526 um
523 463 679 543 concipia-

64 612 71 623 ·
102 586 161 644 tur.
187 581 362 660 longitudo
385 583 416 644 7.
446 579 618 642 Adiuuatnr
639 597 679 640 ex

101 701 189 761 tonte
210 697 366 759 Albudino
389 693 439 761 14.
469 715 510 758 ex
534 690 688 772 Augusta

103 816 157 879 77.
178 814 240 876 Dat
261 831 364 896 aquam
373 812 500 891 'l'e'pnla
523 810 680 873 etAnionl

103 933 158 996 67.
201 929 299 1006 Julla,
325 929 440 992 Marcia
460 932 493 989 et
511 925 629 1006 Tepula
650 927 680 987 ln

106 1046 232 1108 eosdem
248 1064 346 1108 :arcus
366 1044 562 1124 recipiuntur.
598 1041 682 1105 Post

102 1159 211 1223 bertas
231 1159 435 1223 Pallantianos
456 1162 572 1239 partenr
593 1158 679 1219 lnrl·

55 1309 57 1312 ·
104 1296 175 1340 uum
184 1277 401 1339 Herculaneum
424 1276 591 1341 deiicituo.
612 1274 682 1336 Dn-

105 1384 230 1456 cebatur
240 1393 269 1454 in
281 1390 418 1455 Coelium
440 1394 472 1453 et
482 1391 681 1469 Aventinum

107 1509 164 1572 scd
185 1512 295 1588 postea
316 1509 426 1569 omissa
446 1510 495 1568 est
515 1506 567 1571 76.
594 1507 683 1568 Red-

107 1626 190 1686 ditnr
210 1623 259 1686 bis
277 1623 406 1686 collibus
428 1623 572 1704 ampliore
589 1640 683 1702 opere

107 1741 160 1806 87.
193 1741 267 1801 Eius
296 1741 403 1800 ductus
434 1758 519 1817 paene
549 1739 684 1818 dilapsus

104 1858 143 1919 ab
164 1855 307 1937 Agrippa
327 1856 496 1918 restituitur
516 1859 547 1922 9.
568 1853 684 1936 Splen-

107 1974 163 2034 dor
196 1971 318 2034 Marciae
354 1974 405 2038 89.
449 1969 630 2050 Splendore'
653 1974 685 2032 et

106 2091 226 2168 frigore
261 2089 456 2168 gratissima,
491 2085 609 2148 balneis
649 2103 685 2147 ac

769 464 889 525 nomine
909 460 1078 542 appellatus
1089 462 1140 525 75.
1162 457 1345 522 Onnlsmo-

771 579 861 642 dulus
876 577 1040 655 colligitur
1060 578 1111 638 aut
1133 576 1276 637 diametro
1295 578 1346 637 aut

770 697 931 778 perimetro
952 697 1004 756 aut
1024 709 1113 754 areae
1134 709 1273 752 mensura
1293 690 1345 754 76.

774 813 905 892 Meduli,
934 811 985 909 qui
1006 827 1025 869 a
1044 808 1179 890 quinaria
1199 807 1346 882 oriuntur,

772 931 888 992 duobus
930 923 1096 1005 generibus
1132 923 1346 983 incrementum

772 1047 924 1126 accipiunt
945 1045 994 1108 77.
1015 1042 1065 1106 78.
1086 1037 1177 1100 Ratio
1199 1036 1347 1098 nominum

773 1162 976 1238 modulorum,
1011 1175 1066 1218 seu
1100 1152 1261 1216 fistularum
1297 1152 1347 1216 79.

771 1277 891 1340 Morou
912 1281 983 1339 sunt
1009 1279 1123 1356 viginti
1145 1281 1274 1362 quinque
1296 1266 1348 1335 34.
1427 1338 1437 1351 N

774 1395 804 1453 ln
826 1413 880 1454 usu
899 1398 969 1456 sunt
985 1397 1154 1477 quindecim
1178 1391 1349 1456 tantumlil.

764 1509 824 1571 'Aul
860 1527 945 1591 quam
974 1512 1119 1574 rationem
1156 1508 1263 1573 direnti
1299 1507 1350 1570 37.

774 1624 883 1686 llorunr
907 1630 1091 1691 enumeratio
1113 1633 1145 1691 et
1162 1624 1350 1706 computatio

773 1741 908 1808 39-—63.
934 1740 1079 1804 Moluius
1100 1742 1297 1822 erogatorlus
1318 1741 1351 1799 et
1400 1716 1403 1723 ’
1427 1746 1434 1753 ”

774 1859 963 1936 acceptorius
985 1854 1036 1921 34.

1019 2056 1069 2124 Ν.

104 2205 269 2267 fullonibus
311 2208 343 2266 et
376 2205 483 2265 loedis
510 2203 683 2264 ministeriis
732 2206 915 2269 Naumachia
935 2208 1073 2287 Augusti
1100 2212 1148 2273 11.
1172 2212 1222 2273 77.

105 2321 274 2387 seruiittll.
297 2318 390 2381 Solus
401 2317 485 2379 Anio
506 2319 614 2379 Novus
628 2336 684 2397 per
729 2322 828 2400 Nero,
850 2342 947 2405 aquo
970 2327 1020 2386 via
1042 2324 1240 2388 Sublacensls
1257 2325 1352 2386 strata

104 2437 254 2499 Neronem
286 2453 349 2496 eam
377 2435 513 2516 aequabat
542 2433 682 2508 egregiis
776 2440 807 2501 7.
830 2435 1180 2503 ClaudiamlnGoellum
1203 2439 1352 2502 etAven-
1435 2450 1442 2468 “

105 2552 225 2614 dotibus
248 2551 299 2618 93.
334 2550 447 2611 Modus
475 2549 682 2632 quinariarum,
776 2555 867 2614 tinum
890 2556 1032 2634 perunxit
1048 2555 1099 2621 76.

107 2670 136 2728 ei
158 2668 187 2728 in
211 2667 431 2730 commentariis
443 2665 611 2744 Principum
625 2665 683 2724 ad-
732 2667 895 2731 Neroniani
917 2688 1020 2748 arcus,
1049 2669 1157 2732 directi
1186 2688 1242 2750 per
1265 2668 1352 2733 (ioe-

105 2785 240 2863 scriptus
263 2786 294 2844 et
318 2802 336 2844 a
355 2783 500 2845 Frontino
523 2783 681 2857 inventum
774 2782 863 2863 lium,
885 2786 973 2846 iuxta
994 2785 1135 2867 templum
1157 2785 1233 2846 Diri
1255 2783 1353 2850 Glau-

108 2900 178 2960 ltcm
200 2901 340 2976 erogatio
353 2898 406 2963 67.
429 2898 578 2974 llrogatio
597 2898 685 2957 extra
776 2898 816 2959 dii
836 2902 1031 2962 terminantur
1042 2903 1092 2965 76.
1106 2904 1159 2968 87.
1181 2901 1354 2962 Neroniana

108 3014 221 3091 urbem,
242 3034 298 3097 per
310 3015 391 3076 urbis
401 3015 549 3092 regiones
563 3014 681 3078 etc.8l.
776 3015 851 3077 villa
872 3017 924 3081 93.

64 3131 237 3194 Marcianus
257 3133 326 3193 lons
349 3125 409 3204 (i)
430 3127 461 3193 4.

62 3245 199 3308 Marcius
226 3247 311 3325 Rex,
340 3245 467 3308 Praetor
489 3246 569 3308 inter
595 3244 682 3307 ciues

107 3365 139 3423 et
159 3363 357 3440 peregrinos,
381 3363 488 3424 ductus
509 3362 631 3441 Appiae
653 3363 684 3422 et

106 3478 239 3539 Anionis
260 3478 385 3540 relicere
402 3479 533 3555 iubetur,
556 3475 683 3538 etlllar-

733 3129 851 3211 Nerva,
875 3132 1010 3210 diligens
1032 3138 1063 3196 ct
1084 3151 1185 3195 amans
1207 3135 1252 3194 rei
1274 3132 1353 3212 pub-

775 3244 853 3309 lIcae
877 3250 906 3310 1.
941 3249 1044 3329 optimi
1066 3248 1353 3330 diligentissinriqne

775 3363 922 3444 Principis
942 3365 1136 3444 prouidentia
1146 3362 1197 3430 64.
1219 3364 1354 3426 Pllssinrl

775 3478 895 3540 Nervae
923 3480 1032 3558 regina
1060 3484 1092 3542 et
1115 3481 1236 3541 domina
1257 3480 1353 3557 orbis,

108 3593 181 3654 eianr
204 3595 235 3654 in
253 3594 354 3655 urbem
366 3593 518 3673 perduxit.
540 3593 684 3654 Praetura
776 3613 852 3677 quae
876 3597 1017 3657 terrarum
1040 3597 1114 3673 lea,
1137 3596 1184 3658 cui
1205 3615 1260 3676 par
1280 3594 1353 3657 nibil

777 3713 809 3771 et
834 3708 908 3771 nibil
930 3711 1091 3771 secundum
1113 3715 1164 3777 88.
1200 3711 1276 3773 llius
1304 3712 1354 3772 iu-

777 3827 861 3888 stitia
880 3828 952 3890 118.
975 3824 1164 3902 indulgentia
1188 3826 1256 3891 136.
1277 3827 1354 3888 Eius

776 3942 861 4001 iussu
886 3938 1001 4002 Crabra
1014 3940 1198 4006 Tusculanis
1219 3942 1356 4005 redditur

77 3779 86 3791 .
108 3710 137 3770 ei
159 3713 353 3788 prorogatur:
375 3708 451 3770 Eius
473 3710 573 3786 gratia
595 3711 624 3772 7.

64 3824 101 3886 P.
123 3826 277 3902 Marcius,
301 3823 429 3887 Curator
450 3843 588 3907 aquarum
614 3802 683 3888 167.

65 3940 227 4003 lilenrnrius
247 3940 387 4020 Regulus
411 3941 486 4006 Cos.
510 3940 580 4004 167.

65 4057 202 4120 blessala
235 4055 404 4135 Coruinus,
435 4055 564 4119 Curatur
591 4073 686 4137 aqua-

106 4194 167 4235 rum
191 4174 243 4240 99.
271 4178 341 4241 167.

64 4289 217 4357 liliuueius
239 4293 365 4354 Praetor
385 4291 416 4356 6.

66 4406 225 4484 blodulus,
250 4427 342 4490 aquo
366 4408 524 4487 inrluotus3
548 4407 682 4489 quinario

777 4058 808 4122 9.
852 4055 915 4116 Sub
938 4075 975 4117 eo
998 4063 1086 4118 auecta
1115 4058 1259 4134 castella,
1288 4076 1355 4117 nru-

567 4191 570 4195 ’
656 4216 659 4221 -
779 4191 868 4249 nera,
904 4176 962 4237 etc.
1005 4172 1062 4233 sub
1090 4193 1130 4235 oo
1159 4177 1247 4234 uincta
1273 4172 1355 4233 urbis

776 4287 934 4351 salurbritas
955 4291 1006 4355 88.
1050 4288 1263 4350 lucourlioronr
1288 4289 1365 4348 sin.

777 4403 980 4485 acrioremque
1010 4405 1084 4466 teelt
1110 4422 1212 4486 aquarn
1233 4404 1284 4469 89.
1324 4409 1356 4466 et
