2888 4710
514 154 920 235 FRON'l'lNUS

171 390 285 463 sicia
311 391 419 467 Urbi
453 393 713 483 coniuncta,
749 412 859 485 quos
883 388 936 463 Μ.
961 386 1171 485 Agrippa
1203 387 1340 459 secis-

172 520 258 589 set‚
287 508 331 595 Q.
347 507 391 581 F.
406 507 450 580 Ρ.
465 508 514 581 l).
529 507 576 582 Ε.
594 508 640 581 R.
657 506 693 580 J.
710 502 755 583 O.
805 505 962 599 Neque
987 504 1149 601 augeri
1173 503 1340 601 placere

171 645 314 717 neque
345 623 477 696 minui
508 646 733 696 numerum
757 620 1038 718 publicorum
1065 617 1339 711 salientium,

171 759 286 831 quos
318 762 431 811 nunc
465 762 570 812 esse
602 737 805 812 retulere
835 736 886 831 ii,
923 735 1086 830 quibus
1119 735 1339 832 negotium

110 911 113 917 .
172 878 191 923 a
219 850 393 927 Senatu
421 865 490 927 est
515 860 802 951 imperatum,
830 862 876 924 ut
901 852 1185 948 inspicerent
1212 872 1339 945 aquas

171 968 387 1062 publicas
425 969 681 1064 inirentque
711 991 934 1041 numerum
968 967 1235 1039 salientium
1268 988 1339 1063 pu·

171 1082 401 1157 blioorum.
450 1085 657 1180 Itemque
689 1084 893 1181 placere,
928 1079 1186 1158 Curatores
1214 1102 1339 1176 aqua·

171 1222 282 1294 rum,
320 1222 431 1295 quos
465 1198 645 1277 Caesar
668 1199 910 1297 Augustus
944 1214 997 1270 ex
1029 1195 1238 1274 Senatus
1269 1220 1338 1269 au·

172 1315 392 1393 ctoritate
417 1308 680 1409 nominavit,
709 1312 814 1387 dare
841 1337 1037 1410 operam,
1065 1323 1112 1387 ut
1137 1310 1339 1387 salientes

171 1429 345 1526 publici
384 1453 508 1526 quam
542 1427 868 1505 assiduissime
899 1426 1103 1503 interdiu
1138 1442 1185 1503 et
1217 1438 1343 1502 noctu

170 1567 326 1640 aquam
370 1546 411 1619 in
454 1571 583 1621 usum
624 1545 778 1645 populi
822 1543 1074 1620 funderent
1108 1586 1159 1599 ·-
1210 1544 1253 1617 In
1284 1548 1343 1617 loc

170 1657 214 1736 S.
241 1658 287 1736 C.
314 1660 520 1736 crediderim
545 1660 796 1755 annotandum,
826 1658 920 1756 quod
946 1657 1104 1736 Senatus
1130 1671 1203 1733 tam
1229 1660 1344 1757 augeri

170 1798 271 1870 quam
298 1777 403 1851 minui
429 1778 623 1853 salientium
649 1777 866 1875 publicorum
890 1799 1070 1850 numerum
1095 1777 1261 1850 vetuerit
1307 1773 1346 1847 ld

171 1892 298 1964 iactum
326 1892 505 1990 existimo,
541 1898 621 1989 quia
646 1891 772 1966 modus
797 1915 984 1987 aquarum,
1013 1914 1102 1987 quae
1128 1890 1187 1964 his
1212 1902 1345 1989 tempo·

170 2007 269 2078 ribus
304 2012 339 2079 in
372 2008 507 2084 [rbem
540 2010 743 2102 veniebant,
783 2019 968 2103 antequam
1000 2005 1152 2085 Claudia
1187 2018 1225 2081 et
1254 2006 1345 2081 Anio

170 2121 301 2195 Novus
332 2123 624 2221 perducerentur,
661 2124 827 2198 maiorem
860 2129 1101 2221 erogationem
1126 2146 1259 2220 capere
1283 2146 1347 2196 non

170 2235 366 2311 videbatur.

71 2349 148 2425 105
246 2355 314 2442 Qui
340 2379 464 2451 aquam
490 2358 524 2430 in
545 2381 634 2430 usus
651 2359 810 2455 privatos
828 2354 1003 2429 deducere
1020 2357 1134 2451 volet,
1163 2361 1347 2453 impetrare

172 2492 250 2546 eam
275 2470 416 2550 debebit
441 2482 475 2545 et
491 2499 511 2552 a
526 2473 694 2573 Principe
712 2473 896 2573 epistolam
913 2470 958 2547 ad
975 2470 1189 2549 curatorem
1206 2470 1347 2561 adetum

65 2702 415 2723 Ἣ

90 2842 137 2894 105
213 2823 353 2908 debebit]
390 2827 420 2889 V
444 2828 482 2891 J:
514 2825 613 2889 dedet.
667 2825 805 2904 corrigit
833 2823 949 2888 Heiur:
981 2821 1103 2886 debebit
1130 2842 1152 2883 a
1183 2821 1292 2887 Primo.
1322 2830 1351 2885 et

170 2930 261 3009 epist.

215 3028 261 3087 Τι’.
283 3025 448 3097 Claudios)
479 3024 521 3093 C:
552 3027 639 3089 Titus
660 3025 730 3101 cl.;
758 3023 785 3085 U
807 3024 837 3086 V
857 3024 897 3087 F:
943 3025 978 3089 Τ.
999 3021 1109 3087 Claud.
1129 3054 1171 3065 —·
1189 3020 1349 3085 Periodum

171 3126 405 3188 Procuratorem
420 3160 462 3167 -
478 3124 599 3189 inducit
618 3121 693 3186 Sch.
716 3124 807 3186 delet.

211 3224 386 3297 Claudiam)
408 3224 496 3287 Edd:
518 3224 678 3289 Claudias.

211 3326 335 3396 cilicis]
364 3323 398 3385 ln
420 3321 455 3385 (i.
478 3323 585 3389 uilici!
608 3323 693 3405 ficri,
721 3325 743 3384 i.
762 3342 791 3385 e.
812 3324 916 3387 cilicie
934 3322 1021 3408 fieri,
1050 3320 1092 3384 ita
1113 3324 1269 3383 exaratum
1292 3324 1350 3397 est,

172 3429 205 3487 ut
226 3426 312 3491 uilici
340 3423 512 3503 (ainlici)
540 3427 677 3502 proxime
706 3424 829 3487 accedat
858 3424 894 3484 ad
921 3422 1013 3500 iulia,
1044 3425 1077 3481 ut
1104 3420 1242 3482 videmus
1270 3416 1351 3483 iuli

170 3523 297 3603 aliisquo
319 3523 425 3603 libris,
450 3542 490 3585 ex
512 3541 569 3606 quo
592 3521 642 3585 alii
662 3541 769 3585 nomnen
789 3521 938 3603 proprium
960 3520 1048 3584 Jotta
1069 3520 1218 3581 feceruut,
1262 3518 1349 3607 Quod

171 3622 207 3681 od
235 3624 356 3687 iorumm
377 3625 501 3702 attinet,
524 3619 550 3683 C
571 3622 679 3704 ubique
701 3621 765 3693 (bis
781 3621 849 3685 Art.
862 3624 921 3682 112
944 3624 975 3684 et
995 3618 1088 3682 semol
1109 3617 1177 3681 Art.
1192 3620 1269 3689 lli]
1291 3636 1350 3681 ex·

169 3720 254 3781 hibet
274 3722 405 3798 vilicus,
425 3742 484 3786 non
505 3724 638 3787 cillicae.

211 3821 438 3900 neplipentiom]
468 3822 510 3884 0:
539 3824 772 3903 neplepentiom,
802 3822 835 3881 ut
861 3821 929 3882 Art.
954 3822 1011 3880 130
1039 3816 1240 3898 neqlcqcntiu.
1288 3817 1349 3881 Seu

170 3919 246 3984 idem
267 3921 336 3981 Art.
352 3924 426 3985 lli:
448 3923 574 4008 neqlip„
609 3976 611 3980 ,

212 4016 395 4105 defendunt]
417 4020 447 4081 V
469 4028 499 4082 ot
521 4023 594 4089 edd:
617 4022 772 4104 defendat.
815 4018 894 4082 Seh:
916 4018 1023 4081 villico
1038 4049 1081 4060 -
1097 4015 1257 4098 defendat.

213 4119 424 4194 latratoribus]
450 4125 496 4185 V:
518 4122 678 4186 littoribus.
698 4122 738 4183 l:
756 4121 929 4186 lictoribus.

198 4227 343 4307 ¹copitet3
373 4223 460 4303 diliq.
484 4227 558 4295 ete.)
586 4219 652 4285 Pol.
678 4220 833 4299 vulgarit:
861 4224 989 4301 copitct,
1014 4227 1046 4280 ct
1066 4215 1230 4298 diliqeutcr
1251 4217 1346 4288 (exJ

168 4325 199 4382 et
220 4328 297 4396 ree.)
320 4321 648 4396 intendat—mnodum
670 4331 699 4381 ct
721 4340 823 4384 eorum
843 4324 930 4383 notit.
955 4322 1012 4390 [ex
1031 4318 1052 4379 J
1064 4321 1096 4381 et
1111 4321 1191 4389 rec.)
1234 4317 1346 4397 Suspi-
