2888 4710
73 190 125 267 aa
226 240 228 245 -
335 130 339 135 ’
421 172 493 267 'nn
519 189 710 283 ,roone
735 187 1011 271 nucumua

99 430 150 507 23
227 428 402 522 Quoniam
425 437 589 501 auctores
606 424 779 521 caiusque
803 447 918 522 aquae
941 432 979 500 et
1001 430 1150 517 aetates,
1178 430 1353 522 praeterea

174 548 333 645 origines
359 556 393 619 et
418 541 656 642 longitudines
680 542 835 616 rivorum
862 548 898 614 et
922 538 1078 617 ordinem
1103 538 1216 615 librae
1232 562 1352 639 perae-

68 742 419 760 w

175 848 260 911 diieii
280 848 346 910 sine
368 844 618 925 interpunctione.
649 839 789 919 Pergitur
809 840 838 902 in
860 840 906 919 V:
933 859 1003 903 nara
1028 860 1093 905 eam
1114 858 1215 903 eauaa
1240 838 1354 911 videtur

169 950 276 1029 foetur
293 946 387 1027 finiri.
409 946 438 1006 in
461 942 536 1004 edd:
574 961 642 1003 nam
671 945 738 1004 eiua
770 960 869 1003 eouaa
894 941 1017 1005 uidetur
1044 961 1115 1005 reae
1142 940 1254 1022 faeiua
1284 936 1352 1025 (on.

169 1046 274 1127 fiairi).
317 1044 366 1107 Ex
387 1043 443 1106 irae
464 1041 664 1121 corruptionis
684 1039 769 1121 quasi
789 1038 919 1103 historia
944 1043 1045 1121 patet,
1072 1042 1157 1103 reete
1186 1058 1223 1103 aa
1249 1038 1353 1101 amare

172 1144 285 1208 codieis
309 1141 334 1207 G
356 1140 525 1205 lectionem.
569 1139 817 1227 Quemadmodum
838 1158 880 1201 ex
895 1140 1056 1203 Alsietina
1082 1139 1141 1202 alia
1160 1156 1283 1222 quoque
1301 1156 1354 1201 ιο-

172 1245 248 1306 mina
269 1247 334 1305 orta
355 1243 427 1320 sint,
449 1240 538 1301 dooet
559 1239 680 1302 Bunsen
701 1238 878 1302 Beseirreib.
899 1238 995 1302 Roma
1015 1239 1073 1302 Bd.
1095 1239 1120 1302 1.
1141 1259 1175 1321 p.
1196 1243 1272 1302 206.

105 1396 139 1449 23
213 1396 371 1464 auctorat)
400 1388 445 1455 U:
466 1393 614 1452 oratoria.
635 1387 682 1459 Vt
704 1387 784 1451 lade
804 1396 959 1452 auetorea.
980 1388 1004 1450 F
1026 1408 1084 1451 om.
1107 1389 1269 1483 Quoniam.

215 1487 364 1573 eripiare)
385 1489 485 1551 Libri:
507 1488 643 1565 ordiner,
664 1491 785 1567 praeter
805 1487 836 1549 V
855 1488 888 1566 F,
910 1488 960 1571 qui
982 1490 1119 1553 ordinem
1138 1500 1170 1552 et
1190 1488 1356 1577 lonqitrdi

169 1613 247 1655 nem.
289 1591 377 1652 Licet
397 1588 476 1652 ordo
498 1588 586 1650 etiam
607 1587 758 1665 significet
778 1606 876 1650 rerum
897 1590 1019 1667 sedem,
1040 1608 1114 1670 quas
1136 1589 1249 1673 ordine,
1264 1605 1357 1651 suaa

170 1688 306 1769 pdneipi.
340 1688 547 1769 persequimur
576 1685 628 1751 toi.
653 1684 719 1748 Cio.
740 1685 825 1749 Brut
848 1692 884 1749 4:
914 1688 1083 1769 replicatio
1103 1686 1268 1751 ordinidua
1284 1695 1357 1750 teur-

168 1788 317 1871 porum),
344 1790 472 1849 attamen
498 1785 557 1848 hoo
584 1784 654 1847 looo
674 1786 898 1865 praeferendam
920 1787 992 1848 duxi
1014 1786 1090 1849 Sela.
1122 1784 1355 1850 emendationem

170 1891 316 1968 oripioea,
337 1885 503 1965 respicimus
523 1901 620 1947 rerum
641 1883 753 1947 Arta
781 1886 966 1965 propositum
992 1902 1011 1946 a
1038 1886 1182 1950 Frontino
1210 1886 1356 1959 ordinem,

50 2032 52 2037 >
167 1986 244 2048 unde
265 1985 323 2048 hue
344 1984 428 2047 trahe
450 1983 560 2046 verba:
583 1982 695 2047 deinde
716 1985 822 2065 quibua
843 2006 884 2047 aa
904 1985 985 2048 ioeia
1011 1993 1042 2047 et
1062 2004 1083 2046 a
1104 1994 1195 2067 quoto
1211 1984 1357 2047 milliario

169 2088 354 2167 eoepiaeeot.

213 2204 300 2266 pera.
322 2181 404 2266 arem]
428 2182 469 2244 i:
491 2186 559 2246 aim.

208 2302 269 2345 oon
290 2284 419 2345 odanam
440 2281 512 2344 midi
532 2280 671 2362 videtur)
694 2282 740 2345 lta
761 2282 787 2345 U
807 2282 838 2345 V
859 2287 891 2345 et
913 2284 996 2362 edd,
1019 2285 1088 2347 item
1105 2282 1202 2345 Paris.
1225 2282 1357 2347 Art-li:

168 2381 244 2445 Non
265 2382 396 2445 admunt
414 2380 487 2443 miii
506 2384 604 2443 airam
625 2392 683 2443 eat.
710 2384 823 2445 Noster
845 2382 982 2469 seraing,
1004 2383 1027 2446 1.
1052 2385 1081 2458 i,
1105 2386 1144 2444 i:
1177 2384 1256 2447 Non
1275 2384 1358 2447 ulie-

168 2501 235 2558 aue,
256 2491 291 2543 ut
309 2479 453 2557 arbitror,
475 2480 526 2541 irie
547 2478 635 2545 iodea
656 2491 712 2558 eat,
732 2483 889 2563 referendi
910 2488 971 2546 oet.
992 2482 1086 2565 Atqui
1109 2480 1135 2545 C
1156 2481 1286 2545 exhibet
1302 2482 1359 2545 hoe

168 2581 322 2658 aenigmat
345 2599 406 2641 noa
427 2563 569 2644 alienior}
594 2580 678 2643 modi
697 2582 788 2643 miedi
807 2581 872 2643 oid.
894 2583 942 2645 iix
964 2600 1023 2661 quo
1036 2581 1161 2646 Comad.
1176 2582 1360 2645 ieeitalieai

167 2688 266 2742 autem
287 2678 379 2754 modi,
401 2679 481 2762 qood
501 2698 656 2762 perperam
678 2681 792 2761 reeepit
813 2681 923 2744 Adler.
946 2679 1020 2742 Seh.
1042 2681 1358 2744 alienumadmodum.

171 2778 273 2842 Helnr.
295 2779 426 2840 alienum
447 2789 503 2842 out
521 2781 720 2843 immodicum.
746 2780 813 2844 Pol.
832 2780 927 2842 alieni
949 2821 959 2839 .
982 2822 991 2840 .
1015 2823 1024 2840 .
1049 2822 1058 2840 .
1082 2822 1091 2843 .
1113 2782 1207 2858 modi,
1228 2781 1360 2860 genuina

168 2876 245 2941 liaeo
266 2877 372 2941 saltem
392 2880 487 2941 verba
508 2885 600 2942 ratus.
644 2878 737 2944 Certe
759 2881 865 2942 eodem
887 2878 950 2941 iure
972 2880 1031 2943 diei
1052 2885 1155 2961 potest
1180 2900 1243 2943 non
1263 2882 1360 2944 etiem

168 2976 252 3039 modi
271 2976 345 3039 milei
363 2997 435 3041 eoae
453 2980 586 3058 uidetur,
608 2997 667 3060 quo
689 2980 764 3041 inira
784 2978 851 3042 Sed
871 2982 1002 3042 ratiooio
1024 2984 1176 3043 existimo.
1198 2980 1360 3059 Adigitur

46 3079 51 3096 '
168 3076 328 3153 legendum
350 3077 446 3139 alieni
466 3098 544 3140 neae
566 3062 651 3149 (πῖ)
674 3077 725 3140 vei
747 3082 808 3141 iam
829 3062 911 3154 (ἦ)
933 3074 1040 3141 modi?
1079 3078 1174 3141 Ratio
1198 3083 1231 3141 et
1250 3080 1360 3141 modae

170 3195 263 3255 saepe
285 3178 454 3256 promiaoue
476 3181 668 3257 usurpantuu3
697 3180 729 3241 et
756 3179 909 3243 termulam
929 3182 1064 3242 rationia
1085 3187 1134 3240 eat
1152 3177 1249 3241 nabes
1269 3178 1359 3245 etium

170 3273 327 3338 Columeli.
349 3274 403 3337 111.
425 3279 456 3337 5.
965 3322 969 3329 .

211 3375 334 3455 etoquia
355 3375 523 3450 audiieere]
566 3373 593 3440 0
615 3372 658 3437 U:
690 3373 840 3454 redivere.
883 3375 916 3440 ln
938 3375 1034 3439 Paris.
1055 3394 1111 3458 pro
1132 3376 1257 3457 aioqala
1279 3396 1357 3440 maa.

168 3488 234 3533 see.
254 3474 331 3537 inter
352 3472 445 3537 lineas
463 3474 597 3556 statulae.
638 3473 662 3536 F
683 3493 741 3536 om.
763 3478 866 3536 eiiam.

209 3588 270 3653 per
289 3577 380 3654 quot)
402 3574 441 3637 V.
463 3573 499 3637 F.
521 3593 580 3637 om.
599 3592 717 3657 per.-
739 3570 920 3655 diducam)
941 3574 1024 3639 utun
1046 3574 1116 3638 ded.
1140 3575 1293 3641 v.adArt
1308 3578 1358 3643 20.

198 3673 293 3733 torm
315 3668 441 3753 Uriam)
462 3671 507 3736 G:
528 3679 561 3737 ia
580 3672 690 3738 erdem.
711 3675 759 3735 eui
780 3673 935 3753 applaudit
955 3672 1081 3739 (lotrad.
1118 3675 1208 3742 Salat.
1221 3681 1254 3739 in
1274 3678 1357 3743 urie.

169 3768 215 3831 At
242 3771 358 3832 centies
383 3770 542 3836 Frontinus
563 3774 689 3854 opponit
710 3781 801 3834 aena
820 3771 939 3852 erdem,
965 3777 1047 3837 intra
1067 3774 1179 3838 urbem·
1221 3774 1358 3839 Biondua

170 3867 295 3930 Flavius
316 3866 356 3949 (1.
379 3887 406 3931 o.
429 3870 459 3931 in
479 3869 625 3954 Annuit.)
648 3871 789 3963 exhibet:
826 3879 889 3935 tara
913 3876 995 3936 iutra
1021 3893 1110 3958 quara
1135 3883 1226 3937 aetra
1246 3876 1357 3941 arden.

170 3965 197 4028 U
218 3986 276 4029 om.
298 3975 440 4050 qudeim
464 3973 545 4032 intra
565 3971 676 4035 ordea

211 4065 350 4146 laeditur)
372 4066 427 4130 sie
448 4065 485 4129 0.
508 4089 539 4130 v.
561 4071 599 4132 ad
620 4070 688 4135 Ari.
711 4077 739 4133 3.

210 4162 460 4247 nominatiora.)
481 4186 514 4228 v.
537 4169 574 4230 ad
595 4170 665 4231 Art.
688 4173 745 4232 ida
781 4170 917 4234 Blandus
949 4172 1072 4235 Flavius
1100 4174 1122 4235 Ι.
1151 4190 1179 4235 e.
1214 4175 1356 4252 exhibet:

168 4272 310 4345 quantam
329 4284 409 4327 aune
430 4266 572 4329 Care-
594 4264 705 4329 Totum
726 4268 823 4331 loeum
845 4289 864 4332 a
885 4272 987 4334 verbis
1009 4282 1039 4335 et
1052 4294 1112 4356 per
1133 4284 1206 4356 quot
1225 4256 1358 4339 adeleita

170 4380 264 4445 usque
286 4364 323 4431 ad
344 4375 484 4447 eroqetrrr
505 4364 578 4429 Sei.
602 4367 731 4446 spurium
752 4368 873 4448 iudicat,
900 4374 933 4434 ut
955 4389 995 4434 ex
1015 4373 1084 4436 Art.
1108 4378 1127 4435 o
1148 4375 1317 4454 repetitum.
