<?xml version="1.0" encoding="UTF-8"?>
<!DOCTYPE html PUBLIC "-//W3C//DTD XHTML 1.0 Transitional//EN"
    "http://www.w3.org/TR/xhtml1/DTD/xhtml1-transitional.dtd">
<html xmlns="http://www.w3.org/1999/xhtml" xml:lang="en" lang="en">
 <head>
  <title>
</title>
<meta http-equiv="Content-Type" content="text/html;charset=utf-8" />
  <meta name='ocr-system' content='tesseract 3.04.00' />
  <meta name='ocr-capabilities' content='ocr_page ocr_carea ocr_par ocr_line ocrx_word'/>
</head>
<body>
  <div class='ocr_page' id='page_1' title='image "./sexjuliifrontin00dedegoog_0284.png"; bbox 0 0 2888 4710; ppageno 0'>
   <div class='ocr_carea' id='block_1_1' title="bbox 491 162 1354 264">
    <p class='ocr_par' dir='ltr' id='par_1_1' title="bbox 491 162 1354 264">
     <span class='ocr_line' id='line_1_1' title="bbox 491 162 1354 264; baseline 0.002 -3"><span class='ocrx_word' id='word_1_1' title='bbox 491 181 934 264; x_wconf 75' lang='lat' dir='ltr'><strong>ammonamonns.</strong></span> <span class='ocrx_word' id='word_1_2' title='bbox 1064 162 1072 175; x_wconf 77' lang='grc'><strong><em>”</em></strong></span> <span class='ocrx_word' id='word_1_3' title='bbox 1277 184 1354 263; x_wconf 80' lang='lat' dir='ltr'><strong>aas</strong></span> 
     </span>
    </p>
   </div>
   <div class='ocr_carea' id='block_1_2' title="bbox 73 389 1367 4446">
    <p class='ocr_par' dir='ltr' id='par_1_2' title="bbox 73 389 1367 4446">
     <span class='ocr_line' id='line_1_2' title="bbox 75 389 1352 506; baseline 0.002 -23"><span class='ocrx_word' id='word_1_4' title='bbox 75 389 193 502; x_wconf 78' lang='lat' dir='ltr'><strong>ponere</strong></span> <span class='ocrx_word' id='word_1_5' title='bbox 214 419 394 500; x_wconf 79' lang='lat' dir='ltr'><strong>sufficiebat,</strong></span> <span class='ocrx_word' id='word_1_6' title='bbox 416 420 445 482; x_wconf 94' lang='lat' dir='ltr'><strong>in</strong></span> <span class='ocrx_word' id='word_1_7' title='bbox 466 418 516 482; x_wconf 89' lang='lat' dir='ltr'><strong>bis</strong></span> <span class='ocrx_word' id='word_1_8' title='bbox 531 428 650 483; x_wconf 75' lang='lat' dir='ltr'><strong>reaten:</strong></span> <span class='ocrx_word' id='word_1_9' title='bbox 670 422 774 501; x_wconf 89' lang='lat' dir='ltr'><strong>possis</strong></span> <span class='ocrx_word' id='word_1_10' title='bbox 790 419 907 503; x_wconf 84' lang='lat' dir='ltr'><strong>quidem</strong></span> <span class='ocrx_word' id='word_1_11' title='bbox 929 439 969 482; x_wconf 89' lang='lat' dir='ltr'><strong>ex</strong></span> <span class='ocrx_word' id='word_1_12' title='bbox 992 419 1058 482; x_wconf 87' lang='lat' dir='ltr'><strong>odd.</strong></span> <span class='ocrx_word' id='word_1_13' title='bbox 1077 420 1206 485; x_wconf 78' lang='lat' dir='ltr'><strong>adiicere</strong></span> <span class='ocrx_word' id='word_1_14' title='bbox 1226 441 1352 506; x_wconf 70' lang='lat' dir='ltr'><strong>uepres,</strong></span> 
     </span>
     <span class='ocr_line' id='line_1_3' title="bbox 76 536 1354 619; baseline 0 -18"><span class='ocrx_word' id='word_1_15' title='bbox 76 539 135 601; x_wconf 78' lang='lat' dir='ltr'><strong>red</strong></span> <span class='ocrx_word' id='word_1_16' title='bbox 157 555 217 600; x_wconf 90' lang='lat' dir='ltr'><strong>non</strong></span> <span class='ocrx_word' id='word_1_17' title='bbox 239 538 287 600; x_wconf 88' lang='lat' dir='ltr'><strong>est</strong></span> <span class='ocrx_word' id='word_1_18' title='bbox 308 554 404 618; x_wconf 85' lang='lat' dir='ltr'><strong>opus,</strong></span> <span class='ocrx_word' id='word_1_19' title='bbox 431 556 517 619; x_wconf 84' lang='lat' dir='ltr'><strong>quum</strong></span> <span class='ocrx_word' id='word_1_20' title='bbox 539 536 644 599; x_wconf 84' lang='lat' dir='ltr'><strong>lacuna</strong></span> <span class='ocrx_word' id='word_1_21' title='bbox 665 537 786 598; x_wconf 90' lang='lat' dir='ltr'><strong>sitnon</strong></span> <span class='ocrx_word' id='word_1_22' title='bbox 806 537 934 617; x_wconf 89' lang='lat' dir='ltr'><strong>amplius</strong></span> <span class='ocrx_word' id='word_1_23' title='bbox 957 539 1080 599; x_wconf 90' lang='lat' dir='ltr'><strong>duorum</strong></span> <span class='ocrx_word' id='word_1_24' title='bbox 1101 537 1227 601; x_wconf 81' lang='lat' dir='ltr'><strong>triumve</strong></span> <span class='ocrx_word' id='word_1_25' title='bbox 1256 558 1354 601; x_wconf 86' lang='lat' dir='ltr'><strong>voea-</strong></span> 
     </span>
     <span class='ocr_line' id='line_1_4' title="bbox 73 651 1352 734; baseline -0.001 -17"><span class='ocrx_word' id='word_1_26' title='bbox 73 654 222 718; x_wconf 87' lang='lat' dir='ltr'><strong>bulorum.</strong></span> <span class='ocrx_word' id='word_1_27' title='bbox 263 651 330 715; x_wconf 89' lang='lat' dir='ltr'><strong>Hou</strong></span> <span class='ocrx_word' id='word_1_28' title='bbox 351 657 440 733; x_wconf 87' lang='lat' dir='ltr'><strong>paeto</strong></span> <span class='ocrx_word' id='word_1_29' title='bbox 461 655 532 733; x_wconf 89' lang='lat' dir='ltr'><strong>post</strong></span> <span class='ocrx_word' id='word_1_30' title='bbox 555 663 656 715; x_wconf 78' lang='lat' dir='ltr'><strong>rentes</strong></span> <span class='ocrx_word' id='word_1_31' title='bbox 676 651 750 716; x_wconf 92' lang='lat' dir='ltr'><strong>nilrll</strong></span> <span class='ocrx_word' id='word_1_32' title='bbox 772 651 989 732; x_wconf 79' lang='lat' dir='ltr'>desideramus,</span> <span class='ocrx_word' id='word_1_33' title='bbox 1018 655 1077 715; x_wconf 89' lang='lat' dir='ltr'><strong>nisi</strong></span> <span class='ocrx_word' id='word_1_34' title='bbox 1096 654 1221 716; x_wconf 81' lang='lat' dir='ltr'><strong>verbum</strong></span> <span class='ocrx_word' id='word_1_35' title='bbox 1243 674 1261 715; x_wconf 88' lang='lat' dir='ltr'><strong>a</strong></span> <span class='ocrx_word' id='word_1_36' title='bbox 1281 673 1352 734; x_wconf 85' lang='lat' dir='ltr'><strong>par-</strong></span> 
     </span>
     <span class='ocr_line' id='line_1_5' title="bbox 76 767 1357 852; baseline -0.001 -20"><span class='ocrx_word' id='word_1_37' title='bbox 76 769 173 833; x_wconf 88' lang='lat' dir='ltr'><strong>iieula</strong></span> <span class='ocrx_word' id='word_1_38' title='bbox 194 773 349 852; x_wconf 72' lang='lat' dir='ltr'><strong>quominus</strong></span> <span class='ocrx_word' id='word_1_39' title='bbox 370 769 555 850; x_wconf 89' lang='lat' dir='ltr'><strong>dependens,</strong></span> <span class='ocrx_word' id='word_1_40' title='bbox 577 772 609 830; x_wconf 90' lang='lat' dir='ltr'><strong>et</strong></span> <span class='ocrx_word' id='word_1_41' title='bbox 629 767 751 830; x_wconf 90' lang='lat' dir='ltr'><strong>alterum</strong></span> <span class='ocrx_word' id='word_1_42' title='bbox 770 767 960 849; x_wconf 76' lang='lat' dir='ltr'><strong>vernonium,</strong></span> <span class='ocrx_word' id='word_1_43' title='bbox 983 788 1042 850; x_wconf 86' lang='lat' dir='ltr'><strong>quo</strong></span> <span class='ocrx_word' id='word_1_44' title='bbox 1063 770 1116 831; x_wconf 84' lang='lat' dir='ltr'><strong>illa</strong></span> <span class='ocrx_word' id='word_1_45' title='bbox 1136 771 1300 833; x_wconf 82' lang='lat' dir='ltr'><strong>Curatores</strong></span> <span class='ocrx_word' id='word_1_46' title='bbox 1315 800 1357 815; x_wconf 92' lang='lat'><strong>-·</strong></span> 
     </span>
     <span class='ocr_line' id='line_1_6' title="bbox 74 884 1357 965; baseline -0.001 -16"><span class='ocrx_word' id='word_1_47' title='bbox 74 894 165 949; x_wconf 75' lang='lat' dir='ltr'><strong>errat</strong></span> <span class='ocrx_word' id='word_1_48' title='bbox 183 885 213 947; x_wconf 91' lang='lat' dir='ltr'><strong>in</strong></span> <span class='ocrx_word' id='word_1_49' title='bbox 238 886 368 947; x_wconf 82' lang='lat' dir='ltr'><strong>ordinem</strong></span> <span class='ocrx_word' id='word_1_50' title='bbox 391 885 574 962; x_wconf 73' lang='lat' dir='ltr'><strong>redigantur.</strong></span> <span class='ocrx_word' id='word_1_51' title='bbox 616 884 663 947; x_wconf 82' lang='lat' dir='ltr'><strong>lin</strong></span> <span class='ocrx_word' id='word_1_52' title='bbox 683 884 744 946; x_wconf 88' lang='lat' dir='ltr'><strong>lool</strong></span> <span class='ocrx_word' id='word_1_53' title='bbox 766 886 916 946; x_wconf 90' lang='lat' dir='ltr'><strong>sententia</strong></span> <span class='ocrx_word' id='word_1_54' title='bbox 937 888 1019 947; x_wconf 87' lang='lat' dir='ltr'><strong>oerte</strong></span> <span class='ocrx_word' id='word_1_55' title='bbox 1041 885 1239 965; x_wconf 77' lang='lat' dir='ltr'>probabiliter</span> <span class='ocrx_word' id='word_1_56' title='bbox 1263 888 1357 948; x_wconf 87' lang='lat' dir='ltr'><strong>resti-</strong></span> 
     </span>
     <span class='ocr_line' id='line_1_7' title="bbox 76 999 1356 1093; baseline -0.002 -29"><span class='ocrx_word' id='word_1_57' title='bbox 76 1005 160 1065; x_wconf 79' lang='lat' dir='ltr'><strong>tutar</strong></span> <span class='ocrx_word' id='word_1_58' title='bbox 190 1001 353 1091; x_wconf 80' lang='lat' dir='ltr'><strong>Quomiaaa</strong></span> <span class='ocrx_word' id='word_1_59' title='bbox 374 1004 405 1062; x_wconf 85' lang='lat' dir='ltr'><strong>ia</strong></span> <span class='ocrx_word' id='word_1_60' title='bbox 426 1001 550 1063; x_wconf 83' lang='lat' dir='ltr'><strong>eulaeo</strong></span> <span class='ocrx_word' id='word_1_61' title='bbox 569 1019 702 1084; x_wconf 81' lang='lat' dir='ltr'><strong>paruere</strong></span> <span class='ocrx_word' id='word_1_62' title='bbox 720 999 859 1078; x_wconf 80' lang='lat' dir='ltr'><strong>barbara,</strong></span> <span class='ocrx_word' id='word_1_63' title='bbox 877 1001 980 1081; x_wconf 80' lang='lat' dir='ltr'><strong>ferrara</strong></span> <span class='ocrx_word' id='word_1_64' title='bbox 1000 1020 1110 1063; x_wconf 76' lang='lat' dir='ltr'><strong>secare</strong></span> <span class='ocrx_word' id='word_1_65' title='bbox 1128 1009 1230 1093; x_wconf 75' lang='lat' dir='ltr'><strong>reaten</strong></span> <span class='ocrx_word' id='word_1_66' title='bbox 1250 1001 1356 1083; x_wconf 90' lang='lat' dir='ltr'><strong>probi-</strong></span> 
     </span>
     <span class='ocr_line' id='line_1_8' title="bbox 75 1114 1357 1199; baseline 0.001 -20"><span class='ocrx_word' id='word_1_67' title='bbox 75 1118 180 1196; x_wconf 87' lang='lat' dir='ltr'><strong>beant,</strong></span> <span class='ocrx_word' id='word_1_68' title='bbox 201 1134 257 1196; x_wconf 92' lang='lat' dir='ltr'><strong>per</strong></span> <span class='ocrx_word' id='word_1_69' title='bbox 278 1116 444 1179; x_wconf 79' lang='lat' dir='ltr'><strong><em>Curatores</em></strong></span> <span class='ocrx_word' id='word_1_70' title='bbox 464 1135 611 1199; x_wconf 80' lang='lat' dir='ltr'><strong>aquaram</strong></span> <span class='ocrx_word' id='word_1_71' title='bbox 632 1120 692 1180; x_wconf 90' lang='lat' dir='ltr'><strong>etc.</strong></span> <span class='ocrx_word' id='word_1_72' title='bbox 714 1114 766 1178; x_wconf 85' lang='lat' dir='ltr'><strong>vel</strong></span> <span class='ocrx_word' id='word_1_73' title='bbox 789 1117 895 1180; x_wconf 74' lang='lat' dir='ltr'><strong>etiamr</strong></span> <span class='ocrx_word' id='word_1_74' title='bbox 917 1124 1019 1179; x_wconf 80' lang='lat' dir='ltr'><strong>reales</strong></span> <span class='ocrx_word' id='word_1_75' title='bbox 1038 1116 1229 1197; x_wconf 77' lang='lat' dir='ltr'><strong>prohibeant,</strong></span> <span class='ocrx_word' id='word_1_76' title='bbox 1252 1120 1357 1180; x_wconf 85' lang='lat' dir='ltr'><strong>ourani</strong></span> 
     </span>
     <span class='ocr_line' id='line_1_9' title="bbox 76 1230 1356 1321; baseline -0.001 -25"><span class='ocrx_word' id='word_1_77' title='bbox 76 1233 254 1297; x_wconf 73' lang='lat' dir='ltr'><strong>Curatores.</strong></span> <span class='ocrx_word' id='word_1_78' title='bbox 296 1231 490 1312; x_wconf 74' lang='lat' dir='ltr'><strong>coniungas:</strong></span> <span class='ocrx_word' id='word_1_79' title='bbox 519 1232 684 1321; x_wconf 82' lang='lat' dir='ltr'><strong>Quominus</strong></span> <span class='ocrx_word' id='word_1_80' title='bbox 700 1236 809 1295; x_wconf 42' lang='lat' dir='ltr'><strong>‘sentes</strong></span> <span class='ocrx_word' id='word_1_81' title='bbox 830 1230 1010 1311; x_wconf 80' lang='lat' dir='ltr'><strong>prohibeant</strong></span> <span class='ocrx_word' id='word_1_82' title='bbox 1030 1234 1129 1295; x_wconf 84' lang='lat' dir='ltr'><strong>lenum</strong></span> <span class='ocrx_word' id='word_1_83' title='bbox 1151 1251 1268 1312; x_wconf 89' lang='lat' dir='ltr'><strong>seeare,</strong></span> <span class='ocrx_word' id='word_1_84' title='bbox 1291 1232 1356 1296; x_wconf 83' lang='lat' dir='ltr'><strong>Gu-</strong></span> 
     </span>
     <span class='ocr_line' id='line_1_10' title="bbox 77 1347 1355 1431; baseline 0 -20"><span class='ocrx_word' id='word_1_85' title='bbox 77 1352 198 1412; x_wconf 88' lang='lat' dir='ltr'><strong>ratores</strong></span> <span class='ocrx_word' id='word_1_86' title='bbox 218 1367 355 1431; x_wconf 87' lang='lat' dir='ltr'><strong>aquarum</strong></span> <span class='ocrx_word' id='word_1_87' title='bbox 377 1353 492 1428; x_wconf 87' lang='lat' dir='ltr'><strong>curent,</strong></span> <span class='ocrx_word' id='word_1_88' title='bbox 510 1353 543 1410; x_wconf 87' lang='lat' dir='ltr'><strong>ut</strong></span> <span class='ocrx_word' id='word_1_89' title='bbox 564 1349 643 1410; x_wconf 86' lang='lat' dir='ltr'><strong>eirca</strong></span> <span class='ocrx_word' id='word_1_90' title='bbox 664 1350 764 1411; x_wconf 84' lang='lat' dir='ltr'><strong>fontes</strong></span> <span class='ocrx_word' id='word_1_91' title='bbox 778 1351 837 1411; x_wconf 86' lang='lat' dir='ltr'><strong>ete.</strong></span> <span class='ocrx_word' id='word_1_92' title='bbox 859 1347 995 1425; x_wconf 88' lang='lat' dir='ltr'><strong>arbores,</strong></span> <span class='ocrx_word' id='word_1_93' title='bbox 1018 1350 1178 1428; x_wconf 76' lang='lat' dir='ltr'><strong>vlteseto,</strong></span> <span class='ocrx_word' id='word_1_94' title='bbox 1202 1349 1355 1429; x_wconf 88' lang='lat' dir='ltr'><strong>tollantur,</strong></span> 
     </span>
     <span class='ocr_line' id='line_1_11' title="bbox 78 1463 1356 1545; baseline 0 -19"><span class='ocrx_word' id='word_1_95' title='bbox 78 1464 258 1541; x_wconf 83' lang='lat' dir='ltr'><strong>excidantur</strong></span> <span class='ocrx_word' id='word_1_96' title='bbox 279 1468 356 1544; x_wconf 69' lang='lat' dir='ltr'><strong>ete,</strong></span> <span class='ocrx_word' id='word_1_97' title='bbox 391 1465 442 1526; x_wconf 88' lang='lat' dir='ltr'><strong>vel</strong></span> <span class='ocrx_word' id='word_1_98' title='bbox 466 1483 507 1526; x_wconf 84' lang='lat' dir='ltr'><strong>ex</strong></span> <span class='ocrx_word' id='word_1_99' title='bbox 535 1464 629 1526; x_wconf 89' lang='lat' dir='ltr'><strong>altera</strong></span> <span class='ocrx_word' id='word_1_100' title='bbox 649 1466 780 1527; x_wconf 84' lang='lat' dir='ltr'><strong>ratione:</strong></span> <span class='ocrx_word' id='word_1_101' title='bbox 808 1482 864 1545; x_wconf 91' lang='lat' dir='ltr'><strong>per</strong></span> <span class='ocrx_word' id='word_1_102' title='bbox 885 1463 1047 1528; x_wconf 80' lang='lat' dir='ltr'><strong>Curatores</strong></span> <span class='ocrx_word' id='word_1_103' title='bbox 1069 1463 1192 1526; x_wconf 88' lang='lat' dir='ltr'><strong>arbores</strong></span> <span class='ocrx_word' id='word_1_104' title='bbox 1214 1469 1274 1526; x_wconf 87' lang='lat' dir='ltr'><strong>ete.</strong></span> <span class='ocrx_word' id='word_1_105' title='bbox 1297 1485 1356 1526; x_wconf 87' lang='lat' dir='ltr'><strong>ex-</strong></span> 
     </span>
     <span class='ocr_line' id='line_1_12' title="bbox 77 1580 1325 1663; baseline 0 -21"><span class='ocrx_word' id='word_1_106' title='bbox 77 1581 225 1643; x_wconf 78' lang='lat' dir='ltr'><strong>cidantur.</strong></span> <span class='ocrx_word' id='word_1_107' title='bbox 268 1581 304 1642; x_wconf 87' lang='lat' dir='ltr'><strong>la</strong></span> <span class='ocrx_word' id='word_1_108' title='bbox 325 1600 361 1643; x_wconf 86' lang='lat' dir='ltr'><strong>eu</strong></span> <span class='ocrx_word' id='word_1_109' title='bbox 383 1580 465 1658; x_wconf 88' lang='lat' dir='ltr'><strong>toea,</strong></span> <span class='ocrx_word' id='word_1_110' title='bbox 488 1581 508 1641; x_wconf 89' lang='lat' dir='ltr'><strong>i.</strong></span> <span class='ocrx_word' id='word_1_111' title='bbox 531 1599 559 1642; x_wconf 89' lang='lat' dir='ltr'><strong>o.</strong></span> <span class='ocrx_word' id='word_1_112' title='bbox 580 1581 612 1643; x_wconf 93' lang='lat' dir='ltr'><strong>lu</strong></span> <span class='ocrx_word' id='word_1_113' title='bbox 633 1597 671 1642; x_wconf 88' lang='lat' dir='ltr'><strong>eo</strong></span> <span class='ocrx_word' id='word_1_114' title='bbox 695 1580 861 1660; x_wconf 88' lang='lat' dir='ltr'><strong>terminato,</strong></span> <span class='ocrx_word' id='word_1_115' title='bbox 885 1582 922 1642; x_wconf 88' lang='lat' dir='ltr'><strong>de</strong></span> <span class='ocrx_word' id='word_1_116' title='bbox 944 1598 1001 1662; x_wconf 89' lang='lat' dir='ltr'><strong>quo</strong></span> <span class='ocrx_word' id='word_1_117' title='bbox 1025 1599 1113 1663; x_wconf 87' lang='lat' dir='ltr'><strong>supra</strong></span> <span class='ocrx_word' id='word_1_118' title='bbox 1136 1581 1245 1642; x_wconf 89' lang='lat' dir='ltr'><strong>dietum</strong></span> <span class='ocrx_word' id='word_1_119' title='bbox 1266 1584 1325 1642; x_wconf 88' lang='lat' dir='ltr'><strong>est.</strong></span> 
     </span>
     <span class='ocr_line' id='line_1_13' title="bbox 158 1696 1357 1777; baseline 0.002 -19"><span class='ocrx_word' id='word_1_120' title='bbox 158 1700 348 1769; x_wconf 77' lang='lat' dir='ltr'><strong>imminutus)</strong></span> <span class='ocrx_word' id='word_1_121' title='bbox 375 1699 467 1775; x_wconf 87' lang='lat' dir='ltr'><strong>Nota,</strong></span> <span class='ocrx_word' id='word_1_122' title='bbox 495 1700 670 1759; x_wconf 83' lang='lat' dir='ltr'><strong>terminatas</strong></span> <span class='ocrx_word' id='word_1_123' title='bbox 694 1696 745 1758; x_wconf 88' lang='lat' dir='ltr'><strong>lrie</strong></span> <span class='ocrx_word' id='word_1_124' title='bbox 766 1697 839 1777; x_wconf 91' lang='lat' dir='ltr'><strong>poni</strong></span> <span class='ocrx_word' id='word_1_125' title='bbox 866 1714 938 1757; x_wconf 85' lang='lat' dir='ltr'><strong>oasu</strong></span> <span class='ocrx_word' id='word_1_126' title='bbox 959 1696 1119 1774; x_wconf 83' lang='lat' dir='ltr'><strong>gignendi.</strong></span> <span class='ocrx_word' id='word_1_127' title='bbox 1166 1696 1357 1760; x_wconf 76' lang='lat' dir='ltr'><strong>Termiaaiaa</strong></span> 
     </span>
     <span class='ocr_line' id='line_1_14' title="bbox 76 1811 1259 1894; baseline -0.002 -19"><span class='ocrx_word' id='word_1_128' title='bbox 76 1811 206 1875; x_wconf 83' lang='lat' dir='ltr'><strong>arborea</strong></span> <span class='ocrx_word' id='word_1_129' title='bbox 226 1816 295 1874; x_wconf 89' lang='lat' dir='ltr'><strong>sunt</strong></span> <span class='ocrx_word' id='word_1_130' title='bbox 315 1813 453 1892; x_wconf 88' lang='lat' dir='ltr'><strong>arbores,</strong></span> <span class='ocrx_word' id='word_1_131' title='bbox 475 1831 551 1894; x_wconf 85' lang='lat' dir='ltr'><strong>quae</strong></span> <span class='ocrx_word' id='word_1_132' title='bbox 574 1815 645 1877; x_wconf 91' lang='lat' dir='ltr'><strong>sunt</strong></span> <span class='ocrx_word' id='word_1_133' title='bbox 666 1815 696 1875; x_wconf 90' lang='lat' dir='ltr'><strong>in</strong></span> <span class='ocrx_word' id='word_1_134' title='bbox 717 1814 871 1875; x_wconf 86' lang='lat' dir='ltr'><strong>terminatu</strong></span> <span class='ocrx_word' id='word_1_135' title='bbox 895 1830 949 1873; x_wconf 87' lang='lat' dir='ltr'><strong>seu</strong></span> <span class='ocrx_word' id='word_1_136' title='bbox 972 1813 1049 1872; x_wconf 91' lang='lat' dir='ltr'><strong>intra</strong></span> <span class='ocrx_word' id='word_1_137' title='bbox 1066 1811 1259 1873; x_wconf 85' lang='lat' dir='ltr'><strong>terminatum.</strong></span> 
     </span>
     <span class='ocr_line' id='line_1_15' title="bbox 158 1926 1359 2011; baseline 0 -22"><span class='ocrx_word' id='word_1_138' title='bbox 158 1928 266 2010; x_wconf 81' lang='lat' dir='ltr'><strong>ripae)</strong></span> <span class='ocrx_word' id='word_1_139' title='bbox 309 1927 343 1989; x_wconf 94' lang='lat' dir='ltr'><strong>ln</strong></span> <span class='ocrx_word' id='word_1_140' title='bbox 371 1947 404 1989; x_wconf 89' lang='lat' dir='ltr'><strong>re</strong></span> <span class='ocrx_word' id='word_1_141' title='bbox 432 1931 552 2007; x_wconf 84' lang='lat' dir='ltr'><strong>agraria</strong></span> <span class='ocrx_word' id='word_1_142' title='bbox 572 1929 721 1993; x_wconf 83' lang='lat' dir='ltr'><strong>vocabulo</strong></span> <span class='ocrx_word' id='word_1_143' title='bbox 752 1932 824 2011; x_wconf 87' lang='lat' dir='ltr'><strong>ripa</strong></span> <span class='ocrx_word' id='word_1_144' title='bbox 849 1926 1071 2005; x_wconf 80' lang='lat' dir='ltr'><strong>significabatur</strong></span> <span class='ocrx_word' id='word_1_145' title='bbox 1090 1929 1236 2003; x_wconf 79' lang='lat' dir='ltr'><strong>angustus</strong></span> <span class='ocrx_word' id='word_1_146' title='bbox 1259 1946 1359 2008; x_wconf 78' lang='lat' dir='ltr'><strong>agger</strong></span> 
     </span>
     <span class='ocr_line' id='line_1_16' title="bbox 77 2043 1357 2127; baseline -0.002 -20"><span class='ocrx_word' id='word_1_147' title='bbox 77 2045 211 2124; x_wconf 79' lang='lat' dir='ltr'><strong>exiguae</strong></span> <span class='ocrx_word' id='word_1_148' title='bbox 239 2044 404 2107; x_wconf 80' lang='lat' dir='ltr'><strong>altitudinis</strong></span> <span class='ocrx_word' id='word_1_149' title='bbox 430 2045 459 2106; x_wconf 92' lang='lat' dir='ltr'><strong>in</strong></span> <span class='ocrx_word' id='word_1_150' title='bbox 486 2045 705 2124; x_wconf 77' lang='lat' dir='ltr'><strong>longitudinem</strong></span> <span class='ocrx_word' id='word_1_151' title='bbox 733 2048 910 2125; x_wconf 84' lang='lat' dir='ltr'><strong>porrectus,</strong></span> <span class='ocrx_word' id='word_1_152' title='bbox 941 2045 991 2127; x_wconf 90' lang='lat' dir='ltr'><strong>qui</strong></span> <span class='ocrx_word' id='word_1_153' title='bbox 1019 2044 1083 2105; x_wconf 86' lang='lat' dir='ltr'><strong>erat</strong></span> <span class='ocrx_word' id='word_1_154' title='bbox 1115 2043 1209 2104; x_wconf 90' lang='lat' dir='ltr'><strong>instar</strong></span> <span class='ocrx_word' id='word_1_155' title='bbox 1240 2045 1357 2106; x_wconf 91' lang='lat' dir='ltr'><strong>termini</strong></span> 
     </span>
     <span class='ocr_line' id='line_1_17' title="bbox 76 2157 1367 2243; baseline -0.002 -22"><span class='ocrx_word' id='word_1_156' title='bbox 76 2161 242 2242; x_wconf 74' lang='lat' dir='ltr'><strong>agrumque</strong></span> <span class='ocrx_word' id='word_1_157' title='bbox 269 2160 307 2221; x_wconf 92' lang='lat' dir='ltr'><strong>ab</strong></span> <span class='ocrx_word' id='word_1_158' title='bbox 334 2179 411 2239; x_wconf 81' lang='lat' dir='ltr'><strong>agro</strong></span> <span class='ocrx_word' id='word_1_159' title='bbox 441 2162 608 2242; x_wconf 82' lang='lat' dir='ltr'><strong>separabat.</strong></span> <span class='ocrx_word' id='word_1_160' title='bbox 649 2160 699 2222; x_wconf 85' lang='lat' dir='ltr'><strong>Ile</strong></span> <span class='ocrx_word' id='word_1_161' title='bbox 726 2179 785 2243; x_wconf 86' lang='lat' dir='ltr'><strong>qua</strong></span> <span class='ocrx_word' id='word_1_162' title='bbox 812 2159 1035 2238; x_wconf 78' lang='lat' dir='ltr'><strong>significatione</strong></span> <span class='ocrx_word' id='word_1_163' title='bbox 1057 2157 1132 2221; x_wconf 89' lang='lat' dir='ltr'><strong>nihil</strong></span> <span class='ocrx_word' id='word_1_164' title='bbox 1159 2158 1367 2220; x_wconf 80' lang='lat' dir='ltr'><strong>dubitationis·</strong></span> 
     </span>
     <span class='ocr_line' id='line_1_18' title="bbox 76 2270 1359 2365; baseline -0.001 -30"><span class='ocrx_word' id='word_1_165' title='bbox 76 2275 205 2356; x_wconf 85' lang='lat' dir='ltr'><strong>amplius</strong></span> <span class='ocrx_word' id='word_1_166' title='bbox 227 2274 413 2358; x_wconf 86' lang='lat' dir='ltr'><strong>relinquitur,</strong></span> <span class='ocrx_word' id='word_1_167' title='bbox 436 2279 464 2338; x_wconf 91' lang='lat' dir='ltr'><strong>si</strong></span> <span class='ocrx_word' id='word_1_168' title='bbox 484 2276 565 2355; x_wconf 81' lang='lat' dir='ltr'><strong>legis</strong></span> <span class='ocrx_word' id='word_1_169' title='bbox 586 2278 680 2338; x_wconf 83' lang='lat' dir='ltr'><strong>uerba</strong></span> <span class='ocrx_word' id='word_1_170' title='bbox 700 2276 834 2338; x_wconf 84' lang='lat' dir='ltr'><strong>Frontlni</strong></span> <span class='ocrx_word' id='word_1_171' title='bbox 856 2276 894 2337; x_wconf 91' lang='lat' dir='ltr'><strong>de</strong></span> <span class='ocrx_word' id='word_1_172' title='bbox 916 2272 1171 2356; x_wconf 73' lang='lat' dir='ltr'><strong>calumpnia</strong></span> <span class='ocrx_word' id='word_1_173' title='bbox 1196 2270 1359 2365; x_wconf 62' lang='lat' dir='ltr'><strong>Quaem-</strong></span> 
     </span>
     <span class='ocr_line' id='line_1_19' title="bbox 74 2388 1358 2475; baseline -0.001 -22"><span class='ocrx_word' id='word_1_174' title='bbox 74 2388 152 2474; x_wconf 77' lang='lat' dir='ltr'><strong>pue]</strong></span> <span class='ocrx_word' id='word_1_175' title='bbox 173 2410 231 2473; x_wconf 90' lang='lat' dir='ltr'><strong>per</strong></span> <span class='ocrx_word' id='word_1_176' title='bbox 250 2392 344 2453; x_wconf 81' lang='lat' dir='ltr'><strong>malta</strong></span> <span class='ocrx_word' id='word_1_177' title='bbox 370 2392 468 2454; x_wconf 86' lang='lat' dir='ltr'><strong>millia</strong></span> <span class='ocrx_word' id='word_1_178' title='bbox 486 2392 597 2475; x_wconf 89' lang='lat' dir='ltr'><strong>pedam</strong></span> <span class='ocrx_word' id='word_1_179' title='bbox 617 2401 758 2455; x_wconf 81' lang='lat' dir='ltr'><strong>recturus</strong></span> <span class='ocrx_word' id='word_1_180' title='bbox 779 2394 1029 2472; x_wconf 78' lang='lat' dir='ltr'><strong>separationesoe</strong></span> <span class='ocrx_word' id='word_1_181' title='bbox 1050 2408 1190 2470; x_wconf 82' lang='lat' dir='ltr'><strong>aprorum</strong></span> <span class='ocrx_word' id='word_1_182' title='bbox 1211 2390 1251 2451; x_wconf 88' lang='lat' dir='ltr'><strong>ab</strong></span> <span class='ocrx_word' id='word_1_183' title='bbox 1272 2393 1358 2452; x_wconf 80' lang='lat' dir='ltr'><strong>initio</strong></span> 
     </span>
     <span class='ocr_line' id='line_1_20' title="bbox 74 2506 1358 2590; baseline -0.004 -20"><span class='ocrx_word' id='word_1_184' title='bbox 74 2526 133 2570; x_wconf 81' lang='lat' dir='ltr'><strong>auo</strong></span> <span class='ocrx_word' id='word_1_185' title='bbox 157 2526 251 2590; x_wconf 84' lang='lat' dir='ltr'><strong>aeque</strong></span> <span class='ocrx_word' id='word_1_186' title='bbox 272 2507 315 2569; x_wconf 89' lang='lat' dir='ltr'><strong>ad</strong></span> <span class='ocrx_word' id='word_1_187' title='bbox 337 2527 479 2570; x_wconf 82' lang='lat' dir='ltr'><strong>euroeam</strong></span> <span class='ocrx_word' id='word_1_188' title='bbox 502 2508 683 2570; x_wconf 75' lang='lat' dir='ltr'><strong>custodiant.</strong></span> <span class='ocrx_word' id='word_1_189' title='bbox 711 2508 756 2569; x_wconf 82' lang='lat' dir='ltr'><strong>Ei</strong></span> <span class='ocrx_word' id='word_1_190' title='bbox 774 2527 813 2569; x_wconf 88' lang='lat' dir='ltr'><strong>ae</strong></span> <span class='ocrx_word' id='word_1_191' title='bbox 834 2526 888 2568; x_wconf 83' lang='lat' dir='ltr'><strong>eae</strong></span> <span class='ocrx_word' id='word_1_192' title='bbox 904 2510 991 2589; x_wconf 84' lang='lat' dir='ltr'><strong>ripas</strong></span> <span class='ocrx_word' id='word_1_193' title='bbox 1011 2506 1184 2588; x_wconf 77' lang='lat' dir='ltr'><strong>sequendae</strong></span> <span class='ocrx_word' id='word_1_194' title='bbox 1202 2514 1358 2588; x_wconf 80' lang='lat' dir='ltr'><strong>pererrat,</strong></span> 
     </span>
     <span class='ocr_line' id='line_1_21' title="bbox 75 2621 1360 2707; baseline -0.002 -23"><span class='ocrx_word' id='word_1_195' title='bbox 75 2642 160 2707; x_wconf 75' lang='lat' dir='ltr'><strong>puae</strong></span> <span class='ocrx_word' id='word_1_196' title='bbox 180 2625 261 2685; x_wconf 86' lang='lat' dir='ltr'><strong>iatru</strong></span> <span class='ocrx_word' id='word_1_197' title='bbox 282 2643 396 2705; x_wconf 84' lang='lat' dir='ltr'><strong>eorpus</strong></span> <span class='ocrx_word' id='word_1_198' title='bbox 419 2629 488 2704; x_wconf 81' lang='lat' dir='ltr'><strong>apri</strong></span> <span class='ocrx_word' id='word_1_199' title='bbox 507 2633 672 2686; x_wconf 82' lang='lat' dir='ltr'><strong>uasorratar</strong></span> <span class='ocrx_word' id='word_1_200' title='bbox 693 2632 724 2685; x_wconf 89' lang='lat' dir='ltr'><strong>et</strong></span> <span class='ocrx_word' id='word_1_201' title='bbox 743 2626 773 2684; x_wconf 89' lang='lat' dir='ltr'><strong>ia</strong></span> <span class='ocrx_word' id='word_1_202' title='bbox 794 2640 849 2684; x_wconf 86' lang='lat' dir='ltr'><strong>sao</strong></span> <span class='ocrx_word' id='word_1_203' title='bbox 871 2623 966 2683; x_wconf 82' lang='lat' dir='ltr'><strong>latere</strong></span> <span class='ocrx_word' id='word_1_204' title='bbox 988 2621 1140 2699; x_wconf 86' lang='lat' dir='ltr'><strong>decidant,</strong></span> <span class='ocrx_word' id='word_1_205' title='bbox 1164 2621 1216 2682; x_wconf 77' lang='lat' dir='ltr'><strong>lea</strong></span> <span class='ocrx_word' id='word_1_206' title='bbox 1237 2622 1360 2682; x_wconf 85' lang='lat' dir='ltr'><strong>limitum</strong></span> 
     </span>
     <span class='ocr_line' id='line_1_22' title="bbox 74 2736 1359 2821; baseline -0.001 -20"><span class='ocrx_word' id='word_1_207' title='bbox 74 2758 132 2801; x_wconf 84' lang='lat' dir='ltr'><strong>eas</strong></span> <span class='ocrx_word' id='word_1_208' title='bbox 157 2739 401 2821; x_wconf 83' lang='lat' dir='ltr'><strong>praedamnavit.</strong></span> <span class='ocrx_word' id='word_1_209' title='bbox 444 2741 591 2802; x_wconf 86' lang='lat' dir='ltr'><strong>Probatur</strong></span> <span class='ocrx_word' id='word_1_210' title='bbox 619 2738 694 2800; x_wconf 85' lang='lat' dir='ltr'><strong>haee</strong></span> <span class='ocrx_word' id='word_1_211' title='bbox 724 2737 904 2817; x_wconf 78' lang='lat' dir='ltr'><strong>significatio</strong></span> <span class='ocrx_word' id='word_1_212' title='bbox 934 2738 1019 2799; x_wconf 86' lang='lat' dir='ltr'><strong>etiam</strong></span> <span class='ocrx_word' id='word_1_213' title='bbox 1047 2737 1180 2798; x_wconf 84' lang='lat' dir='ltr'><strong>auctoris</strong></span> <span class='ocrx_word' id='word_1_214' title='bbox 1201 2737 1238 2798; x_wconf 89' lang='lat' dir='ltr'><strong>de</strong></span> <span class='ocrx_word' id='word_1_215' title='bbox 1260 2736 1359 2800; x_wconf 83' lang='lat' dir='ltr'><strong>Limit.</strong></span> 
     </span>
     <span class='ocr_line' id='line_1_23' title="bbox 75 2853 1360 2938; baseline -0.005 -21"><span class='ocrx_word' id='word_1_216' title='bbox 75 2875 110 2935; x_wconf 90' lang='lat' dir='ltr'><strong>p.</strong></span> <span class='ocrx_word' id='word_1_217' title='bbox 133 2857 193 2917; x_wconf 79' lang='grc'><strong>261</strong></span> <span class='ocrx_word' id='word_1_218' title='bbox 215 2874 233 2918; x_wconf 90' lang='lat' dir='ltr'><strong>a</strong></span> <span class='ocrx_word' id='word_1_219' title='bbox 253 2855 321 2918; x_wconf 85' lang='lat' dir='ltr'><strong>Pol.</strong></span> <span class='ocrx_word' id='word_1_220' title='bbox 352 2855 434 2918; x_wconf 93' lang='lat' dir='ltr'><strong>allati</strong></span> <span class='ocrx_word' id='word_1_221' title='bbox 455 2857 559 2919; x_wconf 85' lang='lat' dir='ltr'><strong>uerbis</strong></span> <span class='ocrx_word' id='word_1_222' title='bbox 580 2859 668 2938; x_wconf 85' lang='lat' dir='ltr'><strong>ripas</strong></span> <span class='ocrx_word' id='word_1_223' title='bbox 690 2856 813 2918; x_wconf 83' lang='lat' dir='ltr'><strong>deeieuu</strong></span> <span class='ocrx_word' id='word_1_224' title='bbox 831 2854 941 2936; x_wconf 79' lang='lat' dir='ltr'><strong>finales</strong></span> <span class='ocrx_word' id='word_1_225' title='bbox 963 2853 1145 2928; x_wconf 75' lang='lat' dir='ltr'><strong>direximus,</strong></span> <span class='ocrx_word' id='word_1_226' title='bbox 1167 2856 1198 2914; x_wconf 87' lang='lat' dir='ltr'><strong>et</strong></span> <span class='ocrx_word' id='word_1_227' title='bbox 1219 2853 1360 2932; x_wconf 76' lang='lat' dir='ltr'><strong>Imprimis</strong></span> 
     </span>
     <span class='ocr_line' id='line_1_24' title="bbox 76 2969 1360 3055; baseline -0.003 -22"><span class='ocrx_word' id='word_1_228' title='bbox 76 2969 175 3033; x_wconf 84' lang='lat' dir='ltr'><strong>verbo</strong></span> <span class='ocrx_word' id='word_1_229' title='bbox 198 2971 356 3047; x_wconf 79' lang='lat' dir='ltr'><strong>decidere,</strong></span> <span class='ocrx_word' id='word_1_230' title='bbox 383 2991 442 3054; x_wconf 86' lang='lat' dir='ltr'><strong>quo</strong></span> <span class='ocrx_word' id='word_1_231' title='bbox 470 2971 521 3035; x_wconf 90' lang='lat' dir='ltr'><strong>bio</strong></span> <span class='ocrx_word' id='word_1_232' title='bbox 548 2972 687 3055; x_wconf 82' lang='lat' dir='ltr'><strong>alliisque</strong></span> <span class='ocrx_word' id='word_1_233' title='bbox 715 2971 793 3032; x_wconf 88' lang='lat' dir='ltr'><strong>loeis</strong></span> <span class='ocrx_word' id='word_1_234' title='bbox 820 2969 987 3032; x_wconf 82' lang='lat' dir='ltr'><strong>declaratur</strong></span> <span class='ocrx_word' id='word_1_235' title='bbox 1008 2970 1074 3048; x_wconf 88' lang='lat' dir='ltr'><strong>ipsa</strong></span> <span class='ocrx_word' id='word_1_236' title='bbox 1094 2969 1178 3046; x_wconf 91' lang='lat' dir='ltr'><strong>ripae</strong></span> <span class='ocrx_word' id='word_1_237' title='bbox 1200 2969 1360 3029; x_wconf 86' lang='lat' dir='ltr'><strong>struendae</strong></span> 
     </span>
     <span class='ocr_line' id='line_1_25' title="bbox 76 3084 1362 3168; baseline -0.003 -19"><span class='ocrx_word' id='word_1_238' title='bbox 76 3087 175 3165; x_wconf 71' lang='lat' dir='ltr'><strong>ratio,</strong></span> <span class='ocrx_word' id='word_1_239' title='bbox 207 3088 311 3167; x_wconf 75' lang='lat' dir='ltr'><strong>rogita</strong></span> <span class='ocrx_word' id='word_1_240' title='bbox 330 3106 448 3168; x_wconf 85' lang='lat' dir='ltr'><strong>nempe,</strong></span> <span class='ocrx_word' id='word_1_241' title='bbox 470 3091 577 3151; x_wconf 90' lang='lat' dir='ltr'><strong>terram</strong></span> <span class='ocrx_word' id='word_1_242' title='bbox 598 3091 736 3168; x_wconf 83' lang='lat' dir='ltr'><strong>porrecta</strong></span> <span class='ocrx_word' id='word_1_243' title='bbox 752 3087 829 3147; x_wconf 86' lang='lat' dir='ltr'><strong>serie</strong></span> <span class='ocrx_word' id='word_1_244' title='bbox 852 3089 1028 3164; x_wconf 79' lang='lat' dir='ltr'><strong>congestam</strong></span> <span class='ocrx_word' id='word_1_245' title='bbox 1051 3084 1185 3166; x_wconf 89' lang='lat' dir='ltr'><strong>utrinque</strong></span> <span class='ocrx_word' id='word_1_246' title='bbox 1210 3084 1308 3145; x_wconf 87' lang='lat' dir='ltr'><strong>deoidi</strong></span> <span class='ocrx_word' id='word_1_247' title='bbox 1323 3087 1362 3146; x_wconf 75' lang='lat' dir='ltr'><strong>,et</strong></span> 
     </span>
     <span class='ocr_line' id='line_1_26' title="bbox 78 3200 1363 3286; baseline -0.005 -22"><span class='ocrx_word' id='word_1_248' title='bbox 78 3203 235 3282; x_wconf 79' lang='lat' dir='ltr'><strong>desecari,</strong></span> <span class='ocrx_word' id='word_1_249' title='bbox 259 3205 292 3265; x_wconf 91' lang='lat' dir='ltr'><strong>ut</strong></span> <span class='ocrx_word' id='word_1_250' title='bbox 312 3222 412 3282; x_wconf 81' lang='lat' dir='ltr'><strong>agger</strong></span> <span class='ocrx_word' id='word_1_251' title='bbox 433 3205 545 3267; x_wconf 87' lang='lat' dir='ltr'><strong>existat</strong></span> <span class='ocrx_word' id='word_1_252' title='bbox 566 3203 603 3264; x_wconf 90' lang='lat' dir='ltr'><strong>ab</strong></span> <span class='ocrx_word' id='word_1_253' title='bbox 627 3208 750 3286; x_wconf 85' lang='lat' dir='ltr'><strong>utraque</strong></span> <span class='ocrx_word' id='word_1_254' title='bbox 771 3205 856 3281; x_wconf 91' lang='lat' dir='ltr'><strong>parte</strong></span> <span class='ocrx_word' id='word_1_255' title='bbox 879 3201 1018 3264; x_wconf 81' lang='lat' dir='ltr'><strong>decliuis.</strong></span> <span class='ocrx_word' id='word_1_256' title='bbox 1060 3200 1154 3261; x_wconf 86' lang='lat' dir='ltr'><strong>Juxta</strong></span> <span class='ocrx_word' id='word_1_257' title='bbox 1174 3200 1363 3259; x_wconf 86' lang='lat' dir='ltr'><strong>nominantur</strong></span> 
     </span>
     <span class='ocr_line' id='line_1_27' title="bbox 76 3315 1361 3403; baseline -0.005 -22"><span class='ocrx_word' id='word_1_258' title='bbox 76 3323 165 3396; x_wconf 83' lang='lat' dir='ltr'><strong>viae,</strong></span> <span class='ocrx_word' id='word_1_259' title='bbox 187 3323 291 3402; x_wconf 85' lang='lat' dir='ltr'><strong>ripae,</strong></span> <span class='ocrx_word' id='word_1_260' title='bbox 315 3339 428 3397; x_wconf 81' lang='lat' dir='ltr'><strong>cauae,</strong></span> <span class='ocrx_word' id='word_1_261' title='bbox 451 3339 526 3403; x_wconf 88' lang='lat' dir='ltr'><strong>quae</strong></span> <span class='ocrx_word' id='word_1_262' title='bbox 549 3324 617 3382; x_wconf 83' lang='lat' dir='ltr'><strong>suunt</strong></span> <span class='ocrx_word' id='word_1_263' title='bbox 638 3337 777 3397; x_wconf 79' lang='lat' dir='ltr'><strong>agrorum</strong></span> <span class='ocrx_word' id='word_1_264' title='bbox 800 3317 1047 3397; x_wconf 86' lang='lat' dir='ltr'><strong>separandarum,</strong></span> <span class='ocrx_word' id='word_1_265' title='bbox 1070 3315 1147 3394; x_wconf 89' lang='lat' dir='ltr'><strong>apud</strong></span> <span class='ocrx_word' id='word_1_266' title='bbox 1168 3315 1298 3376; x_wconf 85' lang='lat' dir='ltr'><strong>Frontiu.</strong></span> <span class='ocrx_word' id='word_1_267' title='bbox 1323 3315 1361 3375; x_wconf 89' lang='lat' dir='ltr'><strong>do</strong></span> 
     </span>
     <span class='ocr_line' id='line_1_28' title="bbox 78 3430 1365 3515; baseline -0.004 -16"><span class='ocrx_word' id='word_1_268' title='bbox 78 3432 190 3499; x_wconf 80' lang='lat' dir='ltr'><strong>coron.</strong></span> <span class='ocrx_word' id='word_1_269' title='bbox 210 3454 243 3515; x_wconf 91' lang='lat' dir='ltr'><strong>p.</strong></span> <span class='ocrx_word' id='word_1_270' title='bbox 262 3439 319 3499; x_wconf 81' lang='lat'><strong>115</strong></span> <span class='ocrx_word' id='word_1_271' title='bbox 341 3440 372 3497; x_wconf 92' lang='lat' dir='ltr'><strong>et</strong></span> <span class='ocrx_word' id='word_1_272' title='bbox 389 3439 460 3515; x_wconf 83' lang='lat'><strong>129,</strong></span> <span class='ocrx_word' id='word_1_273' title='bbox 477 3438 527 3498; x_wconf 93' lang='lat' dir='ltr'><strong>ubi</strong></span> <span class='ocrx_word' id='word_1_274' title='bbox 550 3456 650 3498; x_wconf 80' lang='lat' dir='ltr'><strong>eneae</strong></span> <span class='ocrx_word' id='word_1_275' title='bbox 672 3438 742 3496; x_wconf 87' lang='lat' dir='ltr'><strong>sunt</strong></span> <span class='ocrx_word' id='word_1_276' title='bbox 762 3435 880 3495; x_wconf 88' lang='lat' dir='ltr'><strong>termini</strong></span> <span class='ocrx_word' id='word_1_277' title='bbox 902 3432 1041 3494; x_wconf 79' lang='lat' dir='ltr'><strong>excavati</strong></span> <span class='ocrx_word' id='word_1_278' title='bbox 1064 3449 1118 3491; x_wconf 90' lang='lat' dir='ltr'><strong>seu</strong></span> <span class='ocrx_word' id='word_1_279' title='bbox 1135 3430 1249 3507; x_wconf 88' lang='lat' dir='ltr'><strong>eliossi,</strong></span> <span class='ocrx_word' id='word_1_280' title='bbox 1272 3433 1365 3512; x_wconf 84' lang='lat' dir='ltr'><strong>ripae</strong></span> 
     </span>
     <span class='ocr_line' id='line_1_29' title="bbox 77 3549 1362 3634; baseline -0.002 -24"><span class='ocrx_word' id='word_1_281' title='bbox 77 3553 177 3611; x_wconf 85' lang='lat' dir='ltr'><strong>autem</strong></span> <span class='ocrx_word' id='word_1_282' title='bbox 198 3549 236 3629; x_wconf 92' lang='lat' dir='ltr'><strong>li,</strong></span> <span class='ocrx_word' id='word_1_283' title='bbox 268 3569 344 3634; x_wconf 89' lang='lat' dir='ltr'><strong>quos</strong></span> <span class='ocrx_word' id='word_1_284' title='bbox 367 3551 508 3616; x_wconf 81' lang='lat' dir='ltr'><strong>diximus.</strong></span> <span class='ocrx_word' id='word_1_285' title='bbox 549 3551 625 3613; x_wconf 90' lang='lat' dir='ltr'><strong>lbid.</strong></span> <span class='ocrx_word' id='word_1_286' title='bbox 646 3572 678 3632; x_wconf 91' lang='lat' dir='ltr'><strong>p.</strong></span> <span class='ocrx_word' id='word_1_287' title='bbox 703 3554 763 3612; x_wconf 77' lang='lat'><strong>138</strong></span> <span class='ocrx_word' id='word_1_288' title='bbox 785 3552 870 3612; x_wconf 85' lang='lat' dir='ltr'><strong>iuxta</strong></span> <span class='ocrx_word' id='word_1_289' title='bbox 889 3550 1039 3629; x_wconf 92' lang='lat' dir='ltr'><strong>ponuntur</strong></span> <span class='ocrx_word' id='word_1_290' title='bbox 1055 3549 1147 3621; x_wconf 79' lang='lat' dir='ltr'><strong>eine,</strong></span> <span class='ocrx_word' id='word_1_291' title='bbox 1171 3565 1285 3621; x_wconf 85' lang='lat' dir='ltr'><strong>cavae,</strong></span> <span class='ocrx_word' id='word_1_292' title='bbox 1307 3549 1362 3607; x_wconf 84' lang='lat' dir='ltr'><strong>iti-</strong></span> 
     </span>
     <span class='ocr_line' id='line_1_30' title="bbox 78 3663 1363 3747; baseline -0.003 -20"><span class='ocrx_word' id='word_1_293' title='bbox 78 3685 165 3745; x_wconf 81' lang='lat' dir='ltr'><strong>aera,</strong></span> <span class='ocrx_word' id='word_1_294' title='bbox 188 3684 340 3729; x_wconf 82' lang='lat' dir='ltr'><strong>coronae:</strong></span> <span class='ocrx_word' id='word_1_295' title='bbox 361 3667 437 3729; x_wconf 90' lang='lat' dir='ltr'><strong>unde</strong></span> <span class='ocrx_word' id='word_1_296' title='bbox 456 3669 605 3747; x_wconf 80' lang='lat' dir='ltr'><strong>suspicor,</strong></span> <span class='ocrx_word' id='word_1_297' title='bbox 624 3687 755 3730; x_wconf 82' lang='lat' dir='ltr'><strong>coronas</strong></span> <span class='ocrx_word' id='word_1_298' title='bbox 776 3664 889 3726; x_wconf 87' lang='lat' dir='ltr'><strong>similes</strong></span> <span class='ocrx_word' id='word_1_299' title='bbox 911 3681 981 3725; x_wconf 92' lang='lat' dir='ltr'><strong>esse</strong></span> <span class='ocrx_word' id='word_1_300' title='bbox 1003 3663 1147 3725; x_wconf 90' lang='lat' dir='ltr'><strong>terminus</strong></span> <span class='ocrx_word' id='word_1_301' title='bbox 1168 3665 1256 3743; x_wconf 83' lang='lat' dir='ltr'><strong>atque</strong></span> <span class='ocrx_word' id='word_1_302' title='bbox 1268 3663 1363 3741; x_wconf 87' lang='lat' dir='ltr'><strong>ripas,</strong></span> 
     </span>
     <span class='ocr_line' id='line_1_31' title="bbox 79 3776 1364 3863; baseline -0.003 -20"><span class='ocrx_word' id='word_1_303' title='bbox 79 3784 186 3861; x_wconf 90' lang='lat' dir='ltr'><strong>utpote</strong></span> <span class='ocrx_word' id='word_1_304' title='bbox 208 3782 319 3863; x_wconf 89' lang='lat' dir='ltr'><strong>pariter</strong></span> <span class='ocrx_word' id='word_1_305' title='bbox 340 3801 429 3862; x_wconf 90' lang='lat' dir='ltr'><strong>supra</strong></span> <span class='ocrx_word' id='word_1_306' title='bbox 450 3786 555 3844; x_wconf 86' lang='lat' dir='ltr'><strong>terram</strong></span> <span class='ocrx_word' id='word_1_307' title='bbox 578 3787 748 3862; x_wconf 84' lang='lat' dir='ltr'><strong>exstantes,</strong></span> <span class='ocrx_word' id='word_1_308' title='bbox 770 3785 801 3842; x_wconf 90' lang='lat' dir='ltr'><strong>ot</strong></span> <span class='ocrx_word' id='word_1_309' title='bbox 817 3783 884 3842; x_wconf 83' lang='lat' dir='ltr'><strong>sive</strong></span> <span class='ocrx_word' id='word_1_310' title='bbox 907 3784 987 3841; x_wconf 89' lang='lat' dir='ltr'><strong>terra</strong></span> <span class='ocrx_word' id='word_1_311' title='bbox 1008 3778 1074 3839; x_wconf 87' lang='lat' dir='ltr'><strong>sive</strong></span> <span class='ocrx_word' id='word_1_312' title='bbox 1095 3776 1245 3856; x_wconf 86' lang='lat' dir='ltr'><strong>lapidibus</strong></span> <span class='ocrx_word' id='word_1_313' title='bbox 1262 3780 1364 3839; x_wconf 86' lang='lat' dir='ltr'><strong>struo-</strong></span> 
     </span>
     <span class='ocr_line' id='line_1_32' title="bbox 79 3893 1362 3981; baseline -0.002 -24"><span class='ocrx_word' id='word_1_314' title='bbox 79 3901 142 3975; x_wconf 64' lang='grc' dir='ltr'><strong>ηις</strong></span> <span class='ocrx_word' id='word_1_315' title='bbox 166 3898 244 3960; x_wconf 91' lang='lat' dir='ltr'><strong>unde</strong></span> <span class='ocrx_word' id='word_1_316' title='bbox 265 3898 308 3978; x_wconf 86' lang='lat' dir='ltr'><strong>lit,</strong></span> <span class='ocrx_word' id='word_1_317' title='bbox 334 3901 367 3959; x_wconf 88' lang='lat' dir='ltr'><strong>ut</strong></span> <span class='ocrx_word' id='word_1_318' title='bbox 387 3901 522 3981; x_wconf 85' lang='lat' dir='ltr'><strong>riparum</strong></span> <span class='ocrx_word' id='word_1_319' title='bbox 537 3907 567 3958; x_wconf 88' lang='lat' dir='ltr'><strong>et</strong></span> <span class='ocrx_word' id='word_1_320' title='bbox 588 3917 767 3960; x_wconf 82' lang='lat' dir='ltr'><strong>coronarum</strong></span> <span class='ocrx_word' id='word_1_321' title='bbox 788 3902 899 3958; x_wconf 83' lang='lat' dir='ltr'><strong>natura</strong></span> <span class='ocrx_word' id='word_1_322' title='bbox 920 3895 1119 3970; x_wconf 78' lang='lat' dir='ltr'><strong>coniungatur</strong></span> <span class='ocrx_word' id='word_1_323' title='bbox 1138 3893 1215 3971; x_wconf 89' lang='lat' dir='ltr'><strong>apud</strong></span> <span class='ocrx_word' id='word_1_324' title='bbox 1238 3894 1362 3954; x_wconf 88' lang='lat' dir='ltr'><strong>eundem</strong></span> 
     </span>
     <span class='ocr_line' id='line_1_33' title="bbox 78 4007 1364 4094; baseline -0.006 -20"><span class='ocrx_word' id='word_1_325' title='bbox 78 4012 213 4074; x_wconf 65' lang='lat' dir='ltr'><strong>frantia.</strong></span> <span class='ocrx_word' id='word_1_326' title='bbox 235 4033 266 4093; x_wconf 85' lang='lat' dir='ltr'><strong>p.</strong></span> <span class='ocrx_word' id='word_1_327' title='bbox 290 4017 348 4076; x_wconf 82' lang='grc'><strong>111</strong></span> <span class='ocrx_word' id='word_1_328' title='bbox 371 4017 402 4075; x_wconf 90' lang='lat' dir='ltr'><strong>et</strong></span> <span class='ocrx_word' id='word_1_329' title='bbox 423 4018 492 4075; x_wconf 84' lang='grc'><strong>131.</strong></span> <span class='ocrx_word' id='word_1_330' title='bbox 535 4013 667 4076; x_wconf 77' lang='lat' dir='ltr'><strong>Accedit</strong></span> <span class='ocrx_word' id='word_1_331' title='bbox 688 4013 824 4094; x_wconf 91' lang='lat' dir='ltr'><strong>denique,</strong></span> <span class='ocrx_word' id='word_1_332' title='bbox 843 4010 923 4094; x_wconf 84' lang='lat' dir='ltr'><strong>quod</strong></span> <span class='ocrx_word' id='word_1_333' title='bbox 946 4011 1033 4071; x_wconf 87' lang='lat' dir='ltr'><strong>etiam</strong></span> <span class='ocrx_word' id='word_1_334' title='bbox 1059 4009 1189 4090; x_wconf 71' lang='lat' dir='ltr'><strong>(luminis</strong></span> <span class='ocrx_word' id='word_1_335' title='bbox 1208 4011 1281 4091; x_wconf 88' lang='lat' dir='ltr'><strong>ripa</strong></span> <span class='ocrx_word' id='word_1_336' title='bbox 1302 4007 1364 4067; x_wconf 84' lang='lat' dir='ltr'><strong>alta</strong></span> 
     </span>
     <span class='ocr_line' id='line_1_34' title="bbox 80 4122 1363 4209; baseline -0.005 -21"><span class='ocrx_word' id='word_1_337' title='bbox 80 4132 130 4190; x_wconf 87' lang='lat' dir='ltr'><strong>est</strong></span> <span class='ocrx_word' id='word_1_338' title='bbox 152 4132 183 4189; x_wconf 87' lang='lat' dir='ltr'><strong>et</strong></span> <span class='ocrx_word' id='word_1_339' title='bbox 204 4128 281 4191; x_wconf 86' lang='lat' dir='ltr'><strong>elata</strong></span> <span class='ocrx_word' id='word_1_340' title='bbox 304 4134 335 4191; x_wconf 90' lang='lat' dir='ltr'><strong>et</strong></span> <span class='ocrx_word' id='word_1_341' title='bbox 357 4131 385 4190; x_wconf 95' lang='lat' dir='ltr'><strong>in</strong></span> <span class='ocrx_word' id='word_1_342' title='bbox 407 4130 624 4209; x_wconf 81' lang='lat' dir='ltr'><strong>longitudinem</strong></span> <span class='ocrx_word' id='word_1_343' title='bbox 646 4131 800 4209; x_wconf 85' lang='lat' dir='ltr'><strong>porreuta3</strong></span> <span class='ocrx_word' id='word_1_344' title='bbox 823 4127 942 4188; x_wconf 87' lang='lat' dir='ltr'><strong>aeuius</strong></span> <span class='ocrx_word' id='word_1_345' title='bbox 963 4124 1156 4187; x_wconf 88' lang='lat' dir='ltr'><strong>similitudine</strong></span> <span class='ocrx_word' id='word_1_346' title='bbox 1179 4122 1363 4200; x_wconf 79' lang='lat' dir='ltr'><strong>significatio</strong></span> 
     </span>
     <span class='ocr_line' id='line_1_35' title="bbox 81 4238 1363 4328; baseline -0.008 -21"><span class='ocrx_word' id='word_1_347' title='bbox 81 4245 227 4307; x_wconf 88' lang='lat' dir='ltr'><strong>translata</strong></span> <span class='ocrx_word' id='word_1_348' title='bbox 248 4249 295 4308; x_wconf 88' lang='lat' dir='ltr'><strong>est</strong></span> <span class='ocrx_word' id='word_1_349' title='bbox 315 4247 346 4308; x_wconf 92' lang='lat' dir='ltr'><strong>in</strong></span> <span class='ocrx_word' id='word_1_350' title='bbox 367 4263 428 4308; x_wconf 92' lang='lat' dir='ltr'><strong>rem</strong></span> <span class='ocrx_word' id='word_1_351' title='bbox 445 4245 602 4326; x_wconf 82' lang='lat' dir='ltr'><strong>agrariam.</strong></span> <span class='ocrx_word' id='word_1_352' title='bbox 624 4279 666 4290; x_wconf 56' lang='lat'><strong>*-</strong></span> <span class='ocrx_word' id='word_1_353' title='bbox 686 4243 879 4328; x_wconf 85' lang='lat' dir='ltr'><strong>Sequentium</strong></span> <span class='ocrx_word' id='word_1_354' title='bbox 896 4242 1055 4304; x_wconf 77' lang='lat' dir='ltr'><strong>verboruma</strong></span> <span class='ocrx_word' id='word_1_355' title='bbox 1079 4238 1363 4316; x_wconf 79' lang='lat' dir='ltr'><strong>[tolluntur-ereo-</strong></span> 
     </span>
     <span class='ocr_line' id='line_1_36' title="bbox 80 4354 1366 4446; baseline -0.004 -24"><span class='ocrx_word' id='word_1_356' title='bbox 80 4360 240 4444; x_wconf 85' lang='lat' dir='ltr'><strong>dieerrtar)</strong></span> <span class='ocrx_word' id='word_1_357' title='bbox 263 4361 372 4425; x_wconf 92' lang='lat' dir='ltr'><strong>nullum</strong></span> <span class='ocrx_word' id='word_1_358' title='bbox 394 4364 429 4425; x_wconf 89' lang='lat' dir='ltr'><strong>ad</strong></span> <span class='ocrx_word' id='word_1_359' title='bbox 452 4367 540 4446; x_wconf 88' lang='lat' dir='ltr'><strong>ripas</strong></span> <span class='ocrx_word' id='word_1_360' title='bbox 561 4364 688 4443; x_wconf 76' lang='lat' dir='ltr'><strong>spectat,</strong></span> <span class='ocrx_word' id='word_1_361' title='bbox 710 4364 829 4441; x_wconf 87' lang='lat' dir='ltr'><strong>praeter</strong></span> <span class='ocrx_word' id='word_1_362' title='bbox 850 4359 1007 4435; x_wconf 81' lang='lat' dir='ltr'><strong>tollantur,</strong></span> <span class='ocrx_word' id='word_1_363' title='bbox 1030 4357 1109 4438; x_wconf 91' lang='lat' dir='ltr'><strong>quod</strong></span> <span class='ocrx_word' id='word_1_364' title='bbox 1131 4354 1237 4416; x_wconf 83' lang='lat' dir='ltr'><strong>reterri</strong></span> <span class='ocrx_word' id='word_1_365' title='bbox 1259 4355 1366 4432; x_wconf 81' lang='lat' dir='ltr'><strong>potest</strong></span> 
     </span>
    </p>
   </div>
   <div class='ocr_carea' id='block_1_3' title="bbox 0 0 1455 4710">
    <p class='ocr_par' dir='ltr' id='par_1_3' title="bbox 0 0 1455 4710">
     <span class='ocr_line' id='line_1_37' title="bbox 0 0 1455 4710; baseline 0 0"><span class='ocrx_word' id='word_1_366' title='bbox 0 0 1455 4710; x_wconf 95' lang='lat' dir='ltr'><strong> </strong></span> 
     </span>
    </p>
   </div>
  </div>
 </body>
</html>
