2888 4710
367 230 395 313 .-“
504 162 914 257 Ε’ΒΟΝΊῚΝΠδ
1309 171 1360 249 ld

56 408 216 483 neribus
254 408 503 483 incrementum
540 406 724 506 accipiunt
786 406 858 481 Est
893 430 1011 505 unum,
1064 430 1145 481 cum
1180 408 1261 505 ipsa

57 522 328 622 multiplicatur,
355 524 391 597 id
416 534 473 599 est
497 524 621 601 endem
647 523 774 603 lumine
799 524 921 623 plnres
946 524 1126 621 quinariae
1144 522 1258 599 inclu-

61 638 218 733 dmrtur3
245 640 279 713 in
304 640 433 737 quibus
458 640 654 715 secundum
679 639 910 715 adiectionem
934 639 1167 737 quinariamm
1180 663 1259 713 am·

65 754 207 853 plitudn
232 756 371 829 luminis
397 758 539 831 crescit
587 754 660 829 Est
673 766 789 831 antem
803 755 879 831 lere
903 766 988 829 tnnc
1012 757 1048 829 in
1071 778 1152 849 usn,
1180 777 1261 827 cum

67 870 195 969 plures
221 873 412 969 quinariae,
451 872 527 946 inre
564 872 768 970 impetratae
802 895 915 968 aquae
939 894 985 947 ne
1009 871 1045 944 in
1077 870 1147 945 viis
1171 893 1260 944 sae-

67 989 150 1084 pius
185 988 480 1063 convulnerentur
518 987 669 1081 fistulae,
710 992 778 1063 unt
814 987 931 1061 listuld
968 986 1187 1084 accipiuntur
1224 989 1260 1057 in

67 1102 267 1197 castellnm,
294 1129 341 1179 ex
366 1128 436 1202 qun
462 1105 593 1202 singuli
618 1128 724 1207 suum
747 1102 890 1179 medum
914 1104 1099 1200 accipiunt
1148 1100 1259 1175 Alte»
1283 1096 1335 1172 28

69 1242 148 1293 rum
180 1242 298 1317 genus
329 1231 396 1314 est,
436 1221 598 1317 quotiens
634 1245 704 1296 nnn
729 1218 774 1293 ad
800 1219 1034 1317 quinariamm
1058 1220 1260 1291 necessita-

69 1348 139 1409 tem
166 1335 285 1409 listnln
308 1337 559 1411 incrementum
584 1337 688 1433 capit,
728 1335 795 1413 sed
819 1334 866 1410 ad
890 1333 1049 1409 diametri
1075 1332 1132 1405 sui
1155 1355 1258 1407 men-

69 1474 210 1527 suram:
250 1452 444 1527 secundum
479 1450 573 1549 qued
607 1462 643 1527 et
666 1476 793 1527 nemen
817 1450 945 1549 accipit
969 1459 1005 1525 ct
1029 1448 1258 1546 capacitntcm

70 1566 225 1665 ampliat
276 1568 327 1647 Ut
350 1579 433 1667 puta
458 1569 626 1665 quinaria,
666 1592 746 1643 cum
780 1566 938 1647 adiectus
970 1578 1027 1640 est
1053 1566 1085 1639 ei
1111 1563 1156 1637 ad
1181 1561 1258 1636 dia-

70 1693 221 1757 metrum
258 1683 446 1780 quadrans,
486 1686 661 1759 senariam
699 1684 800 1759 facit:
839 1708 907 1759 nec
943 1684 1011 1757 iam
1048 1683 1082 1755 in
1108 1678 1258 1755 solidum

69 1800 300 1895 capacitatem
319 1801 475 1899 ampliat3
502 1802 593 1899 capit
624 1801 716 1874 enim
749 1800 941 1898 quinariam
964 1823 1070 1874 unam
1095 1808 1131 1873 et
1154 1796 1258 1893 quin-

68 1938 229 2009 cuncem,
269 1915 451 1991 sicilicum.
500 1916 550 1992 Itlt
581 1915 749 2015 deinceps
775 1916 899 1994 eadem
924 1917 1057 1993 ratione
1082 1911 1259 2012 quadran-

68 2032 164 2107 tibus
191 2030 361 2107 dinmetrc
401 2031 559 2131 adiectis,
598 2044 637 2106 nt
673 2056 780 2131 supra
820 2031 950 2107 dictum
986 2043 1053 2129 est,
1093 2040 1261 2105 crescunt

69 2149 283 2249 septenaria,
312 2149 502 2245 octonaria,
529 2172 644 2246 usque
670 2147 715 2223 ad
739 2150 964 2222 vicenariam.

169 2260 412 2361 Subsequitur
434 2264 493 2338 illa
510 2266 609 2361 ratic,
638 2289 729 2362 quae
746 2274 885 2339 canstat
901 2288 947 2339 ex
964 2288 1109 2339 numero
1126 2262 1258 2363 digito-
1282 2259 1333 2334 29

70 2405 147 2454 rum
173 2380 432 2479 quadratorum,
460 2383 638 2479 quince,
666 2372 785 2458 idest
807 2382 948 2479 lumine,
984 2382 1156 2479 cuiusque
1180 2403 1260 2453 mo-

70 2664 113 2707 cx
133 2646 155 2709 J
176 2648 208 2709 ct
228 2664 302 2728 rec,
335 2647 516 2711 sclaudlcns
535 2646 571 2711 td
589 2648 744 2713 inductam
770 2654 803 2714 iu
829 2668 924 2714 aem
966 2648 1057 2713 Vl':
1093 2652 1125 2712 in
1151 2649 1260 2709 nicam

68 2743 118 2806 'l'u
141 2762 218 2809 vera
238 2764 277 2810 nc
298 2747 413 2827 dubita,
439 2749 511 2832 quin
531 2751 562 2811 ln
583 2746 610 2811 0
629 2747 657 2810 U
677 2753 761 2813 recte
781 2748 904 2829 legatur
923 2752 955 2812 tn
975 2768 1043 2813 aaa.
1083 2746 1161 2809 'l'nm
1181 2744 1212 2806 ln
1233 2741 1261 2806 U

68 2842 145 2909 Vll
171 2844 310 2909 videmus
333 2847 405 2929 scra
436 2855 530 2927 Μὴ·
566 2849 648 2932 qued
678 2850 792 2930 parlier
824 2848 1046 2928 rescrlpnlmnn.
1098 2843 1259 2922 lntelllge:

68 2941 160 3005 Salct
180 2948 277 3007 antem
299 2944 358 3008 lrcc
379 2965 466 3009 unum
486 2966 586 3028 genus
607 2950 668 3010 tum
692 2946 839 3027 adhiberi,
868 2966 957 3029 qnam
971 2950 1031 3012 etc.
1073 2945 1148 3010 Sclr.
1162 2944 1259 3039 ¹⁰⁸¹?

65 3041 231 3124 screc’dcn
252 3043 337 3116 (scll.
349 3050 464 3123 genus)
486 3050 595 3110 muca.
617 3047 748 3109 leruase
760 3044 851 3127 cxc,
872 3048 903 3108 ln
916 3065 976 3131 quc
989 3050 1129 3110 exaratur
1139 3045 1209 3126 fere
1224 3053 1257 3109 rt.

109 3160 178 3205 can
195 3142 305 3226 plures
325 3148 487 3228 quinariae
506 3150 582 3220 cta.)
604 3167 636 3211 v.
656 3147 783 3211 Annctt

109 3262 194 3343 quta.
214 3266 351 3334 neceas.)
378 3259 409 3323 V
429 3263 462 3325 ct
481 3261 557 3325 cdd:
578 3266 759 3346 quinariam.
802 3260 846 3328 G:
868 3267 1062 3327 necessitate.
1293 3277 1326 3330 28

108 3376 177 3421 acc·
198 3358 297 3442 qnod)
319 3359 340 3420 l.
361 3376 391 3423 c.
412 3361 575 3424 secundum
595 3380 681 3446 qnam
701 3380 774 3428 rem.
816 3362 891 3427 Sclr.
913 3363 993 3442 legit
1013 3381 1078 3426 sec.
1092 3380 1191 3446 qaam,
1213 3378 1259 3423 sc.

65 3475 246 3521 mensuram.

108 3557 334 3640 capacitatem)
357 3556 457 3622 cocu.
479 3561 511 3622 ct
524 3561 564 3626 Fe
585 3563 783 3645 capacitatis.
824 3560 903 3624 llllra
919 3561 1063 3625 varietas.
1112 3557 1259 3625 Atlnlrat

64 3660 276 3741 cumcitatcat
295 3658 437 3739 ampliat.
477 3658 547 3721 Art.
570 3662 628 3726 illa
650 3663 784 3746 ampliat
801 3661 929 3725 medam.

109 3751 271 3841 paeana)
290 3756 322 3820 V
341 3760 368 3821 lt
389 3761 422 3822 ct
441 3758 482 3820 nl.
504 3775 586 3823 rect
608 3764 790 3845 panariam

108 3852 271 3937 adtectus)
292 3855 323 3919 V
342 3854 383 3921 l':
406 3857 554 3921 ddcctua

107 3959 279 4030 amariam)
301 3954 357 4019 Sic
376 3957 488 4037 primus
509 3958 679 4021 emendavit
699 3957 774 4022 Sclr.
816 3955 919 4021 Antea
938 3962 1103 4023 aenariam.

109 4058 192 4137 quta.
213 4075 303 4118 auam
324 4065 357 4118 ct
375 4063 441 4139 qa.)
463 4057 546 4119 Vct
567 4058 640 4121 edd:
663 4063 806 4142 quinam
824 4078 924 4135 anam,
946 4061 1046 4141 pairac.
1087 4057 1211 4121 l’cnltur
1231 4065 1263 4119 ct

63 4153 209 4217 similiter
228 4154 300 4218 nrt.
321 4160 378 4219 δεῖ
399 4156 526 4236 alipilum
547 4177 635 4219 anam
655 4165 688 4222 ct
706 4158 797 4239 diqlti
815 4162 1014 4236 acecaactam,
1034 4158 1211 4243 scripulum·

110 4249 238 4335 lamiae)
260 4274 318 4318 cm.
341 4253 378 4317 U.
420 4256 458 4320 ll:
480 4256 592 4318 limiae.
1294 4274 1327 4326 29

109 4358 320 4432 contincatur)
341 4354 425 4417 nitri
447 4360 626 4435 conamur,
653 4355 720 4420 acll.
742 4359 792 4441 qui
814 4376 963 4422 numerus.
1006 4353 1072 4419 Sed
1093 4374 1179 4438 quum
1202 4372 1257 4417 sc-
