2888 4710
495 211 936 296 ANNOVA'VIONES.
1283 213 1358 294 rso

75 442 144 509 nrt.
157 442 221 527 ¹3),
242 445 363 508 vitietur
383 464 424 507 ex
446 445 496 507 his
517 448 739 526 colligendum,
759 448 913 528 formator
933 448 1117 513 modulorum
1137 451 1197 515 hoc
1219 455 1288 518 loco
1310 461 1357 520 si-

74 560 219 638 gnificare
237 562 361 643 finiatur
380 582 599 640 mensurarum,
625 566 678 624 aut
697 564 725 623 si
746 564 841 626 mauis
861 564 980 628 culices
999 568 1094 647 ipone.
1138 567 1228 630 Pon.
1272 573 1357 659 Quae

74 677 285 755 interpretatio
305 695 325 737 a
340 676 569 757 lexicographi
584 681 707 759 receptu
723 682 789 740 est:
811 679 941 740 certain
958 679 1119 742 Vorceliiui
1142 683 1220 746 inex.
1237 706 1267 748 v.
1282 690 1356 768 for.

72 792 172 866 natu,
192 793 294 854 citatis
309 793 442 855 Fronttni
460 795 564 855 verbis
579 797 637 865 (ex
654 793 762 856 Poicni
779 793 944 871 lectione),
963 795 1117 875 formatae
1133 799 1270 863 dicuntur
1286 823 1357 869 osso

72 907 212 987 fistulae,
233 907 319 985 tubi,
341 909 429 970 ctiam
448 909 571 989 somnae
590 913 730 972 vocatae.
773 910 842 986 ugo
863 910 954 971 aliter
972 912 1083 973 scotto.
1126 914 1268 979 Nimirum
1288 940 1355 983 mo.

71 1025 158 1101 doli,
186 1029 219 1085 ot
243 1023 398 1105 plerisque
424 1024 558 1087 Vroutini
584 1025 681 1104 locis,
709 1027 756 1087 sic
777 1024 837 1086 iroc
857 1043 995 1107 quoquc,
1023 1032 1093 1090 sunt
1109 1030 1247 1111 fistolae,
1276 1041 1355 1120 quod

71 1158 181 1202 nomen
210 1141 241 1202 in
268 1140 483 1220 sequentihus,
510 1141 687 1219 praescntim
714 1142 744 1202 in
771 1159 835 1223 seq.
862 1140 1065 1220 descriptione
1094 1130 1235 1211 iniimus
1257 1152 1355 1218 locum

70 1257 234 1317 successit.
277 1255 422 1317 Formnln
447 1258 544 1318 nutem
567 1274 673 1317 nomen
696 1275 903 1339 nonnunquam
924 1275 942 1317 a
964 1257 1106 1320 Romanis
1127 1263 1267 1328 tribuitur
1286 1272 1355 1331 cui-

72 1372 150 1433 tinet
171 1374 233 1450 rei,
259 1388 336 1451 quae
358 1372 387 1432 in
410 1370 536 1453 anquam
559 1372 679 1433 sormam
701 1373 824 1433 redacta
845 1375 910 1448 est3
938 1379 970 1435 et
990 1373 1063 1435 nihil
1086 1376 1186 1439 differt
1207 1399 1224 1441 a
1243 1382 1355 1464 forma,

68 1491 161 1551 unius
182 1493 230 1549 est
250 1486 465 1547 dimicutivum.
498 1486 576 1548 Sunt
596 1488 691 1563 igitur
710 1487 862 1567 formulae
882 1489 1070 1551 modulorum
1092 1491 1205 1554 formae
1226 1501 1258 1559 et
1279 1501 1355 1561 ima.

69 1604 162 1680 gincs
189 1601 391 1680 modulorum,
418 1620 475 1663 scu
503 1602 562 1680 ipsi
591 1600 701 1664 moduli
730 1604 868 1665 formati:
897 1604 1008 1683 pariter
1028 1609 1119 1687 atquc
1140 1611 1217 1688 apud
1240 1612 1354 1682 Pallan.

70 1718 165 1783 viu
191 1717 344 1799 formatae
369 1735 526 1780 caseorum
552 1721 623 1779 sunt
649 1717 762 1778 formae
788 1721 820 1779 et
845 1719 991 1794 imagines
1013 1739 1186 1801 caseorum,
1218 1730 1355 1810 scripsi

47 1818 153 1897 'cosei
176 1835 305 1895 iormati.
326 1833 414 1894 Voce
433 1833 568 1913 summula
589 1837 694 1894 noster
714 1835 915 1912 supersedere
936 1839 1056 1914 poterut
1078 1843 1109 1898 ot
1130 1842 1263 1903 scribere
1285 1849 1355 1908 tan.

69 1956 151 2013 tum:
173 1948 339 2023 Mortuus,
361 1951 411 2029 pru·
426 1958 519 2014 aun:
540 1966 603 2009 uam
621 1950 650 2010 iu
666 1948 864 2030 sequentibus
879 1967 1020 2032 nusquam
1039 1954 1234 2032 deformatis
1254 1980 1353 2026 sermo

69 2065 199 2146 amplius
221 2066 288 2141 est,
316 2062 372 2125 sed
391 2063 508 2126 modula·
530 2066 641 2125 tantum
663 2067 852 2143 spectantur,
880 2066 917 2125 ad
941 2066 1138 2149 modulosque
1161 2089 1280 2152 sempor
1300 2096 1353 2139 rc.

67 2183 219 2261 curritur,
239 2198 273 2240 v.
290 2197 323 2256 g.
345 2182 397 2261 qni
415 2188 506 2256 oootp
528 2179 696 2241 mendatis
717 2197 814 2261 quom·
837 2183 889 2262 pur·
908 2200 967 2242 noa
986 2190 1059 2243 snat
1077 2185 1107 2243 in
1128 2204 1185 2246 nun
1205 2190 1332 2254 moduli.

151 2316 255 2359 omnes
274 2328 316 2340 —-
336 2295 482 2372 subiecti)
505 2293 633 2370 Omnes,
654 2294 692 2355 im
709 2295 842 2358 Ganacn.
875 2296 944 2358 Art.
961 2299 1019 2361 64:
1040 2301 1071 2358 in
1087 2302 1240 2364 antomon.
1272 2307 1355 2370 Sui.

68 2418 156 2492 tecti,
178 2412 306 2489 adiecti,
328 2411 477 2491 impositi,
500 2410 611 2489 induti,
634 2428 692 2491 quo
714 2410 809 2471 verbo
831 2410 919 2471 modo
942 2413 1090 2474 utebatur.
1133 2415 1271 2482 HVINR.

151 2528 287 2606 motem)
316 2526 393 2587 inira
414 2527 521 2604 posui,
550 2526 728 2604 percensui,
756 2542 862 2605 nempe
883 2524 952 2586 Am.
968 2530 1008 2588 39
1026 2561 1065 2572 -
1081 2535 1133 2591 oi.
1176 2531 1256 2595 ldom
1280 2557 1354 2600 vcr-

67 2648 136 2709 buuu
158 2645 227 2707 Art„
248 2647 298 2703 23.
318 2647 386 2704 105.
406 2643 474 2703 101.
493 2643 562 2702 iro.

91 2762 95 2769 '
152 2760 298 2822 directum
318 2757 362 2818 ad
382 2760 546 2831 rationem)
569 2754 602 2816 io
623 2757 673 2817 ost
693 2758 802 2817 rectam
824 2756 861 2816 ad
878 2757 1041 2836 rationem,
1064 2760 1198 2824 nimirum
1215 2767 1245 2826 in
1263 2768 1354 2831 Prin.

66 2876 147 2955 cipis
174 2875 394 2935 commentariis
416 2873 619 2934 constitutam.
662 2870 747 2931 Haeo
768 2874 864 2932 autem
887 2872 980 2932 vcrlm
1000 2877 1173 2936 necessario
1195 2881 1354 2945 referenda

66 2995 138 3053 sunt
168 2990 204 3050 ad
232 2991 390 3070 sequeutia
416 2986 584 3050 emendam
612 2993 778 3069 puuctum
807 2991 839 3047 ut
859 2989 1010 3048 sententia
1030 2991 1071 3050 sit
1091 2988 1184 3054 innoc:
1215 3001 1356 3076 quattuor

66 3105 213 3183 modulis,
236 3124 314 3187 quos
334 3104 447 3186 aquarii
469 3104 672 3179 novaverant,
695 3102 860 3163 emendatis
878 3102 914 3163 ad
931 3107 1041 3165 rectam
1057 3106 1218 3185 rationem,
1241 3110 1280 3171 de
1296 3132 1355 3195 qun

66 3226 138 3284 ante
161 3220 253 3283 incuti
275 3240 387 3281 sumus.
429 3217 558 3281 Scilicet
578 3217 690 3278 moduli
707 3237 725 3278 a
741 3218 875 3298 quinaria
890 3218 926 3279 ad
945 3223 1100 3281 centonum
1116 3221 1252 3285 vicenum
1270 3235 1354 3292 crant

67 3334 159 3399 XXV
191 3337 353 3397 secundum
387 3336 529 3397 ratIonem
563 3351 580 3393 n
606 3333 747 3394 Frontino
776 3332 912 3395 allatam:
945 3337 999 3397 sod
1026 3338 1138 3418 orprarii
1167 3350 1355 3408 novaverant

67 3457 209 3534 quattuor
228 3449 385 3528 modulos,
408 3451 517 3530 quibus
536 3448 686 3526 servatis,
709 3449 819 3510 moduli
841 3451 974 3513 inissent
998 3449 1116 3512 XXIX.
1159 3452 1218 3516 Hic
1240 3457 1353 3540 itaque,

66 3572 224 3649 postquam
246 3567 407 3629 Frontinus
429 3566 595 3644 scripserat
615 3563 754 3626 modulos
775 3583 846 3626 esse
867 3565 971 3642 XXV,
994 3569 1194 3629 necessarium
1217 3576 1297 3652 erat,
1320 3582 1355 3639 ut

66 3682 267 3760 declararet‚'
281 3681 420 3744 modulos
441 3697 512 3740 osso
532 3678 637 3759 XXV,
665 3680 720 3740 seul
741 3681 908 3741 emendatis
936 3678 951 3761 t
958 3682 978 3744 1.
997 3698 1026 3743 e.
1047 3679 1174 3761 ablatis)
1203 3692 1352 3769 qnamuor,

66 3815 145 3879 quos
166 3799 279 3878 aquarii
302 3798 499 3859 novaverant.
531 3792 620 3858 Pom.
652 3794 780 3856 Primum
802 3796 1050 3871 significationem
1072 3797 1135 3858 illis
1158 3798 1277 3864 directa
1297 3826 1355 3867 rn-

67 3917 110 3974 tr'o
137 3910 294 3974 aPolono
317 3912 480 3974 subiectam
501 3911 620 3971 minimo
641 3910 702 3971 icrt
722 3909 867 3971 latinitas.
910 3912 985 3973 Tum
1013 3914 1181 3977 emendatis
1205 3919 1284 3981 oraio
1306 3921 1354 3981 in-

66 4002 222 4092 tellectum
244 4031 294 4090 cst
309 4031 342 4089 et
358 4027 592 4105 interpretatum.
627 4024 763 4106 Dentqne
779 4043 920 4107 nusquam
939 4026 1046 4088 dicitur
1068 4029 1125 4101 (ci.
1144 4029 1212 4090 Art.
1228 4035 1280 4093 31.
1296 4039 1355 4109 31)

66 4148 99 4204 et
120 4141 227 4204 salsum
249 4145 313 4221 est,
335 4143 431 4203 fuisso
452 4139 591 4203 modulos
609 4138 712 4216 XXV,
733 4141 874 4220 exceptis
896 4146 1052 4224 quattuor,
1074 4163 1152 4225 quos
1167 4147 1278 4226 aqurarii
1295 4167 1355 4210 no-

66 4260 229 4336 vaverant,
252 4260 284 4319 in
299 4257 443 4320 uniuerso
458 4254 588 4339 XX1X3
610 4255 666 4318 sed
687 4256 773 4319 iuore
795 4275 898 4318 omncs
918 4257 1021 4333 XXV,
1042 4278 1102 4340 quo
1123 4278 1243 4321 numero
1267 4264 1355 4324 etiam

64 4375 206 4455 quattuor
226 4371 271 4434 ilii
293 4373 502 4451 continentur,
524 4375 558 4435 ut
578 4391 618 4435 ex
640 4388 732 4433 censu
754 4372 937 4434 modulorum
954 4373 1045 4436 XXV
1062 4373 1099 4434 ab
1115 4376 1184 4435 Art.
1196 4378 1239 4435 39
1260 4394 1355 4460 usquc
