2888 4710
298 185 378 264 Du
410 186 635 280 AQUAE
667 188 1002 271 necemus.
1244 194 1294 271 11

106 441 220 514 aquae
253 444 364 494 venas
398 420 561 495 Venocis
601 446 799 520 cognomen
832 422 950 498 datum
985 434 1050 500 est.
1102 424 1181 503 Sed
1214 424 1295 522 quio

73 534 140 643 ‘fis
166 536 255 610 iutra
282 560 409 611 aunum
435 546 470 613 et
494 561 561 612 sex
587 562 745 636 meuses·
787 539 957 640 deceptus
989 566 1011 614 a
1037 542 1175 640 collega
1201 559 1294 618 tam·

56 782 60 789 '
103 786 206 868 suppl.
224 787 293 867 ejus
313 785 451 850 additum
464 832 472 850 .
485 830 494 850 .
506 833 514 852 .
526 796 557 851 to
580 791 936 870 coquomlue....cleott
955 791 1167 855 Gemellorum.
1192 793 1223 854 iu
1244 791 1292 855 V:

103 905 216 947 ramum
242 888 403 967 Augustae
430 886 469 949 ul
495 893 620 952 o...·a‘o
647 890 751 972 suppl.
778 898 826 954 eet
846 891 985 953 additum
1006 910 1169 972 cocaomea
1191 891 1295 955 decere

104 986 316 1051 Gemellorum.
357 987 455 1048 Paris.
477 987 501 1049 F
521 988 540 1049 J
547 1004 557 1057 z
589 990 749 1069 Aucustue
769 1009 871 1053 rumue
899 986 989 1072 [FJt
1010 997 1139 1067 ramum)
1161 991 1201 1053 ab
1221 992 1293 1054 mil-

31 1134 34 1141 .
104 1085 198 1148 llario
213 1128 222 1146 .
236 1130 246 1149 .
260 1130 269 1149 .
284 1091 316 1149 io
335 1089 439 1170 suppl.
458 1087 529 1168 ‘ejus
558 1084 614 1169 (Fr
643 1093 706 1160 eet)
733 1088 860 1152 additus
889 1085 930 1171 (F
950 1091 969 1152 J
976 1108 986 1152 e
1014 1090 1168 1162 ocultum)
1192 1098 1293 1156 ...to

101 1203 266 1266 coquomeu
300 1185 405 1249 elecem
430 1187 642 1251 Gemellorum.
681 1189 725 1252 B:
754 1191 916 1268 Aucuotae
945 1209 1047 1251 mmus
1080 1191 1119 1253 ul
1147 1191 1293 1251 milliario

104 1327 209 1349 .....
221 1288 252 1347 iu
272 1284 376 1369 suppl.
399 1288 467 1366 ejus
489 1286 597 1349 addito
621 1298 815 1367 coquomeato
839 1288 943 1352 decem
964 1288 1175 1352 Gemellorum.
1196 1289 1293 1350 Etiam

104 1401 181 1466 quoe
209 1385 239 1446 io
261 1383 409 1464 Onuphrii
433 1383 547 1448 Corum.
580 1388 629 1448 est
657 1388 751 1448 editio
780 1386 872 1471 hahet
900 1387 1008 1450 addito
1038 1397 1245 1467 couoomeoto,
1263 1389 1294 1448 in

106 1483 219 1544 ceteris
241 1485 341 1546 euml
363 1486 567 1547 consentiens.
611 1484 684 1547 Sch.
707 1488 737 1548 in
757 1489 821 1549 not.
850 1506 894 1549 or.
915 1487 1059 1550 Poleuom
1086 1488 1171 1548 recte
1194 1484 1293 1547 locum

41 1596 45 1607 ·
106 1582 284 1663 explevisse
318 1584 450 1648 iudicat:
485 1588 612 1647 attamen
638 1584 679 1647 V.
708 1586 827 1647 eillud
854 1586 893 1647 ul
921 1588 1060 1665 Aucusto
1088 1587 1181 1646 mutat
1202 1586 1232 1646 in
1254 1583 1294 1648 ub

104 1683 260 1766 Aurippu,
301 1686 333 1745 et
360 1685 428 1747 ante
456 1687 597 1766 imposito
626 1686 733 1748 inserit
761 1690 819 1764 r'te,·
861 1674 988 1767 denique
1018 1687 1047 1748 in
1074 1687 1151 1746 text.
1173 1703 1292 1746 reeens.

102 1800 196 1862 porro
218 1783 367 1858 corrigite
389 1782 528 1860 additus,
549 1788 691 1847 usitatum
712 1789 761 1847 cui
782 1803 944 1866 coquomeo
972 1792 1020 1851 eet
1041 1784 1210 1864 confluenti
1229 1784 1293 1846 Ge-

103 1881 271 1961 mellorum.
312 1882 436 1962 Hcine,
458 1885 488 1944 in
510 1885 621 1945 ceteris
641 1882 710 1946 Pol.
733 1888 876 1963 secutus,
903 1902 958 1964 pro
981 1888 1121 1965 imposito
1144 1883 1223 1963 legit
1244 1888 1294 1945 tu-

105 1978 182 2045 utto.
223 1980 329 2043 Heinr.
350 1981 442 2062 iilius,
467 1980 608 2062 Carolus,
630 1983 913 2071 pro'respoadeatt,
942 1984 1023 2065 quod
1044 2001 1102 2043 non
1124 1984 1199 2044 salis
1221 1980 1294 2044 lati-

104 2097 171 2140 num
197 2082 282 2158 putat
311 2078 384 2163 (ἡ
401 2082 457 2144 sed
484 2081 549 2144 vid.
582 2081 648 2143 lut.
676 2103 703 2143 s.
725 2103 758 2143 v.
792 2082 841 2147 Cf.
864 2082 1001 2159 Strateg.
1023 2081 1123 2144 Praei.
1145 2080 1201 2142 111.
1223 2081 1295 2143 libre·

105 2179 293 2261 respoudeat
301 2180 469 2258 titulis—J,
491 2182 614 2243 coniicit
626 2180 810 2262 cocuruerett.
845 2181 940 2245 Unum
950 2199 996 2242 me
1008 2190 1185 2259 suspensum
1200 2182 1294 2257 tenet,

96 2284 209 2340 'accus
232 2298 345 2341 romum
366 2279 514 2358 additum,
537 2300 555 2342 a
574 2279 660 2342 libris
682 2282 886 2345 coniuratu'st
909 2299 949 2343 ex
970 2298 1029 2361 qua
1049 2278 1237 2357 difficultate,
1262 2280 1295 2344 ¹si

107 2376 250 2440 librorum
270 2378 365 2442 lectio
387 2398 446 2443 uon
468 2383 516 2442 est
537 2381 657 2460 spuria,
690 2382 840 2463 quomodo
863 2398 909 2442 me
931 2379 1106 2460 expediam,
1133 2398 1209 2441 nuno
1235 2397 1294 2440 nc-

105 2478 193 2545 seio..
212 2479 281 2543 Non
301 2482 399 2560 potui,
421 2481 492 2563 quin
513 2482 600 2543 unios
621 2476 719 2542 Paris.
741 2479 901 2542 lectionem
921 2480 1130 2559 amplecterer.

146 2576 192 2638 uel
211 2578 286 2641 mill.
313 2575 383 2659 VJ.)
425 2578 552 2641 VFO:
580 2579 625 2641 cel
648 2598 687 2643 ue.
715 2598 812 2643 uuum.
852 2578 931 2641 Mox
953 2577 1006 2659 Gt,
1024 2581 1161 2642 sinistro.
1188 2576 1294 2639 Paris:

104 2675 422 2742 ueeeeufflul.

148 2773 331 2858 Collatiam]
359 2778 444 2839 Hanc
465 2778 586 2840 formam
609 2778 641 2839 ct
660 2775 710 2838 hio
730 2776 925 2857 pertinaciter
946 2778 1069 2838 servant
1088 2773 1157 2837 libri
1179 2794 1295 2852 curres,

62 2876 66 2887 '
106 2878 138 2938 et
158 2875 227 2940 Art.
251 2880 289 2938 lo
309 2876 441 2959 plurimi,
464 2875 646 2957 exceptisV
667 2879 698 2938 et
718 2875 868 2938 nonnuliis
896 2876 977 2952 edel„
999 2893 1075 2956 quae
1099 2873 1294 2936 Collatinum.

50 2976 54 2989 ¹
107 2975 256 3056 Compara
277 2978 387 3039 adiect.
408 2978 521 3039 Latius
541 2995 596 3057 pro
618 2977 761 3040 Latinus.
781 3008 824 3019 —-
844 2978 976 3055 occipit)
1001 2972 1074 3035 Seh.
1098 2978 1242 3055 concipit.

147 3077 192 3141 uel
211 3077 382 3151 Gemellos)
405 3077 452 3139 lta
472 3075 510 3138 U.
532 3073 566 3137 Iu
588 3077 711 3154 ceteris,
735 3077 823 3137 etiam
844 3074 939 3135 Paris
961 3074 1125 3135 Gemellos.

145 3197 261 3262 puseus
285 3164 569 3254 cheuxxx)
614 3173 657 3239 C:
684 3194 832 3258 passuum
863 3194 919 3236 sea·
939 3173 1024 3234 milia
1044 3179 1180 3234 trecento
1200 3192 1296 3232 sexo-

50 3304 56 3311 ·
105 3282 201 3359 uinta.
244 3275 288 3339 U:
310 3297 455 3359 passuum
475 3297 532 3338 sec
552 3275 637 3338 millo
657 3285 809 3338 trecentos
831 3278 995 3354 octoutotu.
1017 3271 1136 3347 Lingua
1147 3272 1294 3350 postolat,

106 3381 140 3439 ut
161 3375 311 3438 scribatur
330 3377 414 3456 vcit'
427 3396 544 3460 possus
572 3396 630 3438 eea
650 3376 749 3437 millio
770 3382 920 3436 trecentae
942 3377 1106 3450 ootoututu.
1132 3370 1201 3432 vel:
1225 3372 1296 3450 effi-

107 3480 152 3537 cit
166 3475 383 3555 louqituelioem
396 3496 542 3559 pascuum
554 3495 611 3539 ceu
621 3476 746 3537 millium
766 3482 965 3536 trecentorum
986 3474 1151 3550 octoyiato.
1177 3470 1247 3531 Art.
1258 3475 1294 3533 9:

106 3575 205 3657 efficit
229 3575 445 3657 louqitudtuem
470 3593 618 3657 passuum
644 3572 812 3659 quindecim
836 3572 962 3634 millium
990 3572 1049 3633 etc.
1099 3568 1150 3633 et.
1173 3570 1241 3631 Art.
1266 3572 1294 3629 i.

109 3679 156 3737 10.
182 3679 231 3738 11.
256 3679 303 3739 14.
1148 3684 1152 3689 '

148 3779 206 3836 ime
228 3775 364 3838 Paelice·
385 3775 483 3848 clivo)
505 3774 581 3838 Pol:
603 3773 658 3836 sul
680 3771 771 3836 Puet.
800 3769 864 3833 Sed
887 3767 928 3833 C:
953 3770 1096 3833 distribui
1116 3817 1125 3834 .
1144 3816 1153 3833 .
1172 3817 1180 3832 .
1202 3817 1211 3834 .
1237 3775 1295 3831 imo

104 3873 235 3957 publicio·
256 3876 349 3936 ciloo.
372 3875 414 3937 Ut
439 3873 673 3936 circulatorio
696 3875 754 3933 imo
774 3869 904 3953 pollicit
924 3871 996 3932 aleo
1021 3867 1060 3951 (i.
1076 3889 1105 3932 e.
1128 3871 1209 3932 clleo
1232 3872 1253 3929 i.
1267 3890 1295 3930 e.

107 3971 220 4056 cliuo).
244 3973 291 4039 V:
316 3975 483 4036 distribut.
501 4016 557 4037 ...
586 3976 657 4034 uuio
684 3989 743 4032 uuo
769 3970 894 4053 publico
925 3970 1055 4051 prrbltott
1075 3970 1160 4032 oleo.
1198 3968 1294 4030 Paris.

106 4073 131 4135 F
152 4072 179 4137 Ο
200 4074 220 4136 J
241 4077 272 4136 et
293 4091 362 4137 reo:
387 4073 528 4136 distribui
553 4072 647 4136 Vetus
667 4071 749 4132 Aulo
770 4075 840 4132 vico
861 4069 985 4152 pul'lr'co
1009 4064 1159 4150 [Parisl
1181 4071 1211 4128 et
1233 4085 1294 4126 rec.

78 4194 81 4201 ·
107 4174 248 4250 ignorant
266 4170 410 4257 publico]
431 4173 562 4257 publicio·
584 4168 646 4254 (02
668 4167 828 4250 Publicio]
851 4171 942 4230 clueo
966 4164 1080 4249 [Paris.
1103 4168 1180 4245 etB
1203 4168 1296 4242 igno-

107 4277 173 4335 rant
194 4269 314 4354 alueo).
357 4274 403 4335 En
429 4272 631 4352 corruptionis
659 4273 744 4353 quasi
773 4269 920 4344 historia3
952 4285 991 4328 ex
1018 4282 1077 4347 qua
1105 4267 1142 4326 de
1162 4266 1296 4326 Frontiui

108 4391 193 4437 mauu
214 4393 272 4435 non
295 4373 421 4454 amplius
443 4374 493 4435 est
514 4371 715 4435 dubitandum.
737 4369 777 4431 ci.
799 4368 925 4429 Anuott.
947 4367 1055 4447 Appio
1074 4363 1209 4426 restituit
1229 4362 1294 4423 Pol.
