<?xml version="1.0" encoding="UTF-8"?>
<!DOCTYPE html PUBLIC "-//W3C//DTD XHTML 1.0 Transitional//EN"
    "http://www.w3.org/TR/xhtml1/DTD/xhtml1-transitional.dtd">
<html xmlns="http://www.w3.org/1999/xhtml" xml:lang="en" lang="en">
 <head>
  <title>
</title>
<meta http-equiv="Content-Type" content="text/html;charset=utf-8" />
  <meta name='ocr-system' content='tesseract 3.04.00' />
  <meta name='ocr-capabilities' content='ocr_page ocr_carea ocr_par ocr_line ocrx_word'/>
</head>
<body>
  <div class='ocr_page' id='page_1' title='image "./sexjuliifrontin00dedegoog_0270.png"; bbox 0 0 2888 4710; ppageno 0'>
   <div class='ocr_carea' id='block_1_1' title="bbox 421 189 1354 269">
    <p class='ocr_par' dir='ltr' id='par_1_1' title="bbox 421 189 1354 269">
     <span class='ocr_line' id='line_1_1' title="bbox 421 189 1354 269; baseline 0.001 -2"><span class='ocrx_word' id='word_1_1' title='bbox 421 189 859 269; x_wconf 75' lang='lat' dir='ltr'><strong>ANNO&#39;FA&#39;FIONFS.</strong></span> <span class='ocrx_word' id='word_1_2' title='bbox 1279 192 1354 268; x_wconf 70' lang='lat'><strong>2¹21</strong></span> 
     </span>
    </p>
   </div>
   <div class='ocr_carea' id='block_1_2' title="bbox 72 406 1362 2361">
    <p class='ocr_par' dir='ltr' id='par_1_2' title="bbox 72 406 1355 619">
     <span class='ocr_line' id='line_1_2' title="bbox 73 406 1355 508; baseline 0.002 -20"><span class='ocrx_word' id='word_1_3' title='bbox 73 424 210 488; x_wconf 77' lang='lat' dir='ltr'><strong>wclcbcr</strong></span> <span class='ocrx_word' id='word_1_4' title='bbox 230 444 292 488; x_wconf 89' lang='lat' dir='ltr'><strong>von</strong></span> <span class='ocrx_word' id='word_1_5' title='bbox 315 427 373 489; x_wconf 91' lang='lat' dir='ltr'><strong>den</strong></span> <span class='ocrx_word' id='word_1_6' title='bbox 394 425 619 504; x_wconf 85' lang='lat' dir='ltr'><strong>Pacbtgeldern</strong></span> <span class='ocrx_word' id='word_1_7' title='bbox 643 406 697 491; x_wconf 89' lang='lat' dir='ltr'><strong>der</strong></span> <span class='ocrx_word' id='word_1_8' title='bbox 717 446 783 489; x_wconf 85' lang='lat' dir='ltr'><strong>num</strong></span> <span class='ocrx_word' id='word_1_9' title='bbox 805 426 1019 490; x_wconf 89' lang='lat' dir='ltr'><strong>Wasserreebt</strong></span> <span class='ocrx_word' id='word_1_10' title='bbox 1039 426 1210 508; x_wconf 79' lang='lat' dir='ltr'><strong>geborigen</strong></span> <span class='ocrx_word' id='word_1_11' title='bbox 1233 427 1355 492; x_wconf 85' lang='lat' dir='ltr'><strong>Grund-</strong></span> 
     </span>
     <span class='ocr_line' id='line_1_3' title="bbox 72 541 519 619; baseline 0 -15"><span class='ocrx_word' id='word_1_12' title='bbox 72 543 181 605; x_wconf 81' lang='lat' dir='ltr'><strong>atviclrc</strong></span> <span class='ocrx_word' id='word_1_13' title='bbox 203 541 410 619; x_wconf 78' lang='lat' dir='ltr'><strong>autgewogen</strong></span> <span class='ocrx_word' id='word_1_14' title='bbox 433 543 519 605; x_wconf 86' lang='lat' dir='ltr'><strong>wird.</strong></span> 
     </span>
    </p>

    <p class='ocr_par' dir='ltr' id='par_1_3' title="bbox 72 658 1362 2361">
     <span class='ocr_line' id='line_1_4' title="bbox 156 658 1356 741; baseline 0 -21"><span class='ocrx_word' id='word_1_15' title='bbox 156 658 322 722; x_wconf 80' lang='lat' dir='ltr'><strong>alienatum</strong></span> <span class='ocrx_word' id='word_1_16' title='bbox 349 678 389 721; x_wconf 82' lang='lat' dir='ltr'><strong>ae</strong></span> <span class='ocrx_word' id='word_1_17' title='bbox 415 659 544 740; x_wconf 75' lang='lat' dir='ltr'><strong>capum)</strong></span> <span class='ocrx_word' id='word_1_18' title='bbox 576 659 624 720; x_wconf 87' lang='lat' dir='ltr'><strong>De</strong></span> <span class='ocrx_word' id='word_1_19' title='bbox 651 678 760 738; x_wconf 89' lang='lat' dir='ltr'><strong>sensu,</strong></span> <span class='ocrx_word' id='word_1_20' title='bbox 790 679 875 741; x_wconf 89' lang='lat' dir='ltr'><strong>quem</strong></span> <span class='ocrx_word' id='word_1_21' title='bbox 898 664 1096 721; x_wconf 89' lang='lat' dir='ltr'><strong>controversa</strong></span> <span class='ocrx_word' id='word_1_22' title='bbox 1117 680 1180 723; x_wconf 87' lang='lat' dir='ltr'><strong>vox</strong></span> <span class='ocrx_word' id='word_1_23' title='bbox 1202 663 1356 723; x_wconf 85' lang='lat' dir='ltr'><strong>continere</strong></span> 
     </span>
     <span class='ocr_line' id='line_1_5' title="bbox 73 773 1355 857; baseline -0.001 -20"><span class='ocrx_word' id='word_1_24' title='bbox 73 776 201 853; x_wconf 90' lang='lat' dir='ltr'><strong>debeat,</strong></span> <span class='ocrx_word' id='word_1_25' title='bbox 224 773 359 837; x_wconf 87' lang='lat' dir='ltr'><strong>dubitare</strong></span> <span class='ocrx_word' id='word_1_26' title='bbox 381 792 440 836; x_wconf 90' lang='lat' dir='ltr'><strong>non</strong></span> <span class='ocrx_word' id='word_1_27' title='bbox 465 775 596 854; x_wconf 90' lang='lat' dir='ltr'><strong>poterit,</strong></span> <span class='ocrx_word' id='word_1_28' title='bbox 625 776 761 857; x_wconf 90' lang='lat' dir='ltr'><strong>quisquis</strong></span> <span class='ocrx_word' id='word_1_29' title='bbox 782 792 878 837; x_wconf 89' lang='lat' dir='ltr'><strong>rerum</strong></span> <span class='ocrx_word' id='word_1_30' title='bbox 900 793 1008 838; x_wconf 89' lang='lat' dir='ltr'><strong>nexum</strong></span> <span class='ocrx_word' id='word_1_31' title='bbox 1031 776 1279 838; x_wconf 75' lang='lat' dir='ltr'><strong>consideraverit.</strong></span> <span class='ocrx_word' id='word_1_32' title='bbox 1321 775 1355 836; x_wconf 91' lang='lat' dir='ltr'><strong>ln</strong></span> 
     </span>
     <span class='ocr_line' id='line_1_6' title="bbox 73 889 1356 973; baseline 0.001 -21"><span class='ocrx_word' id='word_1_33' title='bbox 73 891 179 970; x_wconf 89' lang='lat' dir='ltr'><strong>primia</strong></span> <span class='ocrx_word' id='word_1_34' title='bbox 199 889 320 952; x_wconf 89' lang='lat' dir='ltr'><strong>attende</strong></span> <span class='ocrx_word' id='word_1_35' title='bbox 342 889 517 968; x_wconf 78' lang='lat' dir='ltr'><strong>particulam</strong></span> <span class='ocrx_word' id='word_1_36' title='bbox 537 891 757 953; x_wconf 78' lang='lat' dir='ltr'><strong>adversativam</strong></span> <span class='ocrx_word' id='word_1_37' title='bbox 780 910 865 970; x_wconf 83' lang='lat' dir='ltr'><strong>cero,</strong></span> <span class='ocrx_word' id='word_1_38' title='bbox 887 894 920 952; x_wconf 93' lang='lat' dir='ltr'><strong>ut</strong></span> <span class='ocrx_word' id='word_1_39' title='bbox 940 909 1015 973; x_wconf 86' lang='lat' dir='ltr'><strong>quac</strong></span> <span class='ocrx_word' id='word_1_40' title='bbox 1032 892 1205 967; x_wconf 87' lang='lat' dir='ltr'><strong>gravissimi</strong></span> <span class='ocrx_word' id='word_1_41' title='bbox 1227 893 1267 953; x_wconf 92' lang='lat' dir='ltr'><strong>sit</strong></span> <span class='ocrx_word' id='word_1_42' title='bbox 1288 912 1356 954; x_wconf 90' lang='lat' dir='ltr'><strong>mo-</strong></span> 
     </span>
     <span class='ocr_line' id='line_1_7' title="bbox 73 1004 1356 1089; baseline 0.002 -21"><span class='ocrx_word' id='word_1_43' title='bbox 73 1007 177 1068; x_wconf 87' lang='lat' dir='ltr'><strong>menti.</strong></span> <span class='ocrx_word' id='word_1_44' title='bbox 220 1004 374 1068; x_wconf 74' lang='lat' dir='ltr'><strong>Proximis</strong></span> <span class='ocrx_word' id='word_1_45' title='bbox 394 1024 466 1067; x_wconf 83' lang='lat' dir='ltr'><strong>oero</strong></span> <span class='ocrx_word' id='word_1_46' title='bbox 489 1007 689 1089; x_wconf 79' lang='lat' dir='ltr'><strong>temporibus,</strong></span> <span class='ocrx_word' id='word_1_47' title='bbox 712 1008 755 1068; x_wconf 90' lang='lat' dir='ltr'><strong>ait</strong></span> <span class='ocrx_word' id='word_1_48' title='bbox 776 1006 953 1086; x_wconf 82' lang='lat' dir='ltr'><strong>Frontinus,</strong></span> <span class='ocrx_word' id='word_1_49' title='bbox 976 1006 1093 1069; x_wconf 80' lang='lat' dir='ltr'><strong>reditas</strong></span> <span class='ocrx_word' id='word_1_50' title='bbox 1114 1007 1170 1070; x_wconf 83' lang='lat' dir='ltr'><strong>ille</strong></span> <span class='ocrx_word' id='word_1_51' title='bbox 1190 1013 1222 1070; x_wconf 85' lang='lat' dir='ltr'><strong>r&#39;m</strong></span> <span class='ocrx_word' id='word_1_52' title='bbox 1242 1009 1356 1071; x_wconf 82' lang='lat' dir='ltr'><strong>Domi-</strong></span> 
     </span>
     <span class='ocr_line' id='line_1_8' title="bbox 72 1121 1356 1204; baseline 0.005 -22"><span class='ocrx_word' id='word_1_53' title='bbox 72 1126 154 1183; x_wconf 69' lang='lat' dir='ltr'><strong>tiani</strong></span> <span class='ocrx_word' id='word_1_54' title='bbox 174 1121 296 1184; x_wconf 79' lang='lat' dir='ltr'><strong>locatos</strong></span> <span class='ocrx_word' id='word_1_55' title='bbox 317 1131 570 1199; x_wconf 63' lang='lat' dir='ltr'><strong>semocriorem</strong></span> <span class='ocrx_word' id='word_1_56' title='bbox 597 1124 717 1185; x_wconf 80' lang='lat' dir='ltr'><strong>iustitia</strong></span> <span class='ocrx_word' id='word_1_57' title='bbox 737 1124 816 1184; x_wconf 81' lang='lat' dir='ltr'><strong>Divi</strong></span> <span class='ocrx_word' id='word_1_58' title='bbox 835 1121 965 1185; x_wconf 83' lang='lat' dir='ltr'><strong>Neruae</strong></span> <span class='ocrx_word' id='word_1_59' title='bbox 983 1123 1099 1204; x_wconf 86' lang='lat' dir='ltr'><strong>populo</strong></span> <span class='ocrx_word' id='word_1_60' title='bbox 1130 1143 1195 1185; x_wconf 84' lang='lat' dir='ltr'><strong>eum</strong></span> <span class='ocrx_word' id='word_1_61' title='bbox 1215 1128 1356 1188; x_wconf 82' lang='lat' dir='ltr'><strong>restituit.</strong></span> 
     </span>
     <span class='ocr_line' id='line_1_9' title="bbox 75 1236 1357 1320; baseline 0.001 -21"><span class='ocrx_word' id='word_1_62' title='bbox 75 1237 175 1316; x_wconf 77' lang='lat' dir='ltr'><strong>Igitur</strong></span> <span class='ocrx_word' id='word_1_63' title='bbox 194 1236 310 1300; x_wconf 87' lang='lat' dir='ltr'><strong>reditus</strong></span> <span class='ocrx_word' id='word_1_64' title='bbox 331 1236 404 1315; x_wconf 90' lang='lat' dir='ltr'><strong>llle,</strong></span> <span class='ocrx_word' id='word_1_65' title='bbox 433 1240 484 1319; x_wconf 92' lang='lat' dir='ltr'><strong>qul</strong></span> <span class='ocrx_word' id='word_1_66' title='bbox 513 1238 550 1299; x_wconf 90' lang='lat' dir='ltr'><strong>ad</strong></span> <span class='ocrx_word' id='word_1_67' title='bbox 572 1237 714 1318; x_wconf 91' lang='lat' dir='ltr'><strong>populum</strong></span> <span class='ocrx_word' id='word_1_68' title='bbox 738 1240 943 1320; x_wconf 84' lang='lat' dir='ltr'><strong>aerariumque</strong></span> <span class='ocrx_word' id='word_1_69' title='bbox 969 1238 1151 1317; x_wconf 78' lang='lat' dir='ltr'><strong>perimebat,</strong></span> <span class='ocrx_word' id='word_1_70' title='bbox 1180 1238 1250 1300; x_wconf 93' lang='lat' dir='ltr'><strong>dolo</strong></span> <span class='ocrx_word' id='word_1_71' title='bbox 1279 1241 1357 1300; x_wconf 88' lang='lat' dir='ltr'><strong>malo</strong></span> 
     </span>
     <span class='ocr_line' id='line_1_10' title="bbox 74 1351 1358 1436; baseline 0.001 -22"><span class='ocrx_word' id='word_1_72' title='bbox 74 1351 148 1416; x_wconf 83' lang='lat' dir='ltr'><strong>liuic</strong></span> <span class='ocrx_word' id='word_1_73' title='bbox 170 1355 292 1433; x_wconf 89' lang='lat' dir='ltr'><strong>ereptus</strong></span> <span class='ocrx_word' id='word_1_74' title='bbox 314 1356 346 1415; x_wconf 89' lang='lat' dir='ltr'><strong>et</strong></span> <span class='ocrx_word' id='word_1_75' title='bbox 365 1371 421 1431; x_wconf 87' lang='lat' dir='ltr'><strong>per</strong></span> <span class='ocrx_word' id='word_1_76' title='bbox 442 1372 515 1432; x_wconf 91' lang='lat' dir='ltr'><strong>eos,</strong></span> <span class='ocrx_word' id='word_1_77' title='bbox 548 1355 578 1415; x_wconf 91' lang='lat' dir='ltr'><strong>in</strong></span> <span class='ocrx_word' id='word_1_78' title='bbox 600 1373 722 1436; x_wconf 91' lang='lat' dir='ltr'><strong>quorum</strong></span> <span class='ocrx_word' id='word_1_79' title='bbox 751 1353 845 1415; x_wconf 91' lang='lat' dir='ltr'><strong>tutela</strong></span> <span class='ocrx_word' id='word_1_80' title='bbox 866 1356 947 1432; x_wconf 87' lang='lat' dir='ltr'><strong>erat,</strong></span> <span class='ocrx_word' id='word_1_81' title='bbox 976 1354 1079 1415; x_wconf 87' lang='lat' dir='ltr'><strong>lraude</strong></span> <span class='ocrx_word' id='word_1_82' title='bbox 1107 1353 1168 1415; x_wconf 90' lang='lat' dir='ltr'><strong>alio</strong></span> <span class='ocrx_word' id='word_1_83' title='bbox 1190 1372 1358 1416; x_wconf 84' lang='lat' dir='ltr'><strong>conversus</strong></span> 
     </span>
     <span class='ocr_line' id='line_1_11' title="bbox 76 1468 1357 1553; baseline 0.002 -24"><span class='ocrx_word' id='word_1_84' title='bbox 76 1471 145 1548; x_wconf 90' lang='lat' dir='ltr'><strong>est,</strong></span> <span class='ocrx_word' id='word_1_85' title='bbox 174 1487 233 1551; x_wconf 89' lang='lat' dir='ltr'><strong>quo</strong></span> <span class='ocrx_word' id='word_1_86' title='bbox 257 1471 316 1530; x_wconf 84' lang='lat' dir='ltr'><strong>nob</strong></span> <span class='ocrx_word' id='word_1_87' title='bbox 337 1468 485 1548; x_wconf 88' lang='lat' dir='ltr'><strong>debebat,</strong></span> <span class='ocrx_word' id='word_1_88' title='bbox 513 1468 636 1530; x_wconf 90' lang='lat' dir='ltr'><strong>allorum</strong></span> <span class='ocrx_word' id='word_1_89' title='bbox 657 1468 806 1531; x_wconf 90' lang='lat' dir='ltr'><strong>bominum</strong></span> <span class='ocrx_word' id='word_1_90' title='bbox 829 1487 984 1531; x_wconf 85' lang='lat' dir='ltr'><strong>avarorum</strong></span> <span class='ocrx_word' id='word_1_91' title='bbox 1006 1488 1084 1553; x_wconf 88' lang='lat' dir='ltr'><strong>opes</strong></span> <span class='ocrx_word' id='word_1_92' title='bbox 1104 1470 1206 1548; x_wconf 85' lang='lat' dir='ltr'><strong>auxit,</strong></span> <span class='ocrx_word' id='word_1_93' title='bbox 1235 1489 1357 1553; x_wconf 88' lang='lat' dir='ltr'><strong>quorum</strong></span> 
     </span>
     <span class='ocr_line' id='line_1_12' title="bbox 75 1582 1358 1661; baseline -0.002 -13"><span class='ocrx_word' id='word_1_94' title='bbox 75 1602 138 1648; x_wconf 87' lang='lat' dir='ltr'><strong>non</strong></span> <span class='ocrx_word' id='word_1_95' title='bbox 167 1584 307 1647; x_wconf 90' lang='lat' dir='ltr'><strong>debebat.</strong></span> <span class='ocrx_word' id='word_1_96' title='bbox 348 1582 460 1646; x_wconf 80' lang='lat' dir='ltr'><strong>Postea</strong></span> <span class='ocrx_word' id='word_1_97' title='bbox 486 1601 562 1646; x_wconf 90' lang='lat' dir='ltr'><strong>vero</strong></span> <span class='ocrx_word' id='word_1_98' title='bbox 589 1586 779 1648; x_wconf 89' lang='lat' dir='ltr'><strong>Domitianus</strong></span> <span class='ocrx_word' id='word_1_99' title='bbox 806 1586 837 1647; x_wconf 92' lang='lat' dir='ltr'><strong>in</strong></span> <span class='ocrx_word' id='word_1_100' title='bbox 865 1603 938 1645; x_wconf 91' lang='lat' dir='ltr'><strong>suos</strong></span> <span class='ocrx_word' id='word_1_101' title='bbox 964 1583 1083 1646; x_wconf 86' lang='lat' dir='ltr'><strong>loculos</strong></span> <span class='ocrx_word' id='word_1_102' title='bbox 1110 1585 1276 1661; x_wconf 84' lang='lat' dir='ltr'><strong>convertit3</strong></span> <span class='ocrx_word' id='word_1_103' title='bbox 1307 1585 1358 1645; x_wconf 89' lang='lat' dir='ltr'><strong>vel</strong></span> 
     </span>
     <span class='ocr_line' id='line_1_13' title="bbox 77 1698 1359 1780; baseline -0.001 -19"><span class='ocrx_word' id='word_1_104' title='bbox 77 1698 242 1763; x_wconf 85' lang='lat' dir='ltr'><strong>Curatores</strong></span> <span class='ocrx_word' id='word_1_105' title='bbox 263 1699 435 1779; x_wconf 81' lang='lat' dir='ltr'><strong>ambitiosi,</strong></span> <span class='ocrx_word' id='word_1_106' title='bbox 456 1700 590 1764; x_wconf 89' lang='lat' dir='ltr'><strong>nimirum</strong></span> <span class='ocrx_word' id='word_1_107' title='bbox 612 1700 650 1760; x_wconf 86' lang='lat' dir='ltr'><strong>ad</strong></span> <span class='ocrx_word' id='word_1_108' title='bbox 670 1700 821 1779; x_wconf 88' lang='lat' dir='ltr'><strong>Principis</strong></span> <span class='ocrx_word' id='word_1_109' title='bbox 841 1701 969 1777; x_wconf 78' lang='lat' dir='ltr'><strong>gratiam</strong></span> <span class='ocrx_word' id='word_1_110' title='bbox 991 1700 1174 1780; x_wconf 84' lang='lat' dir='ltr'><strong>captandam,</strong></span> <span class='ocrx_word' id='word_1_111' title='bbox 1197 1701 1227 1760; x_wconf 93' lang='lat' dir='ltr'><strong>in</strong></span> <span class='ocrx_word' id='word_1_112' title='bbox 1248 1701 1359 1761; x_wconf 88' lang='lat' dir='ltr'><strong>Domi-</strong></span> 
     </span>
     <span class='ocr_line' id='line_1_14' title="bbox 77 1815 1359 1880; baseline -0.003 0"><span class='ocrx_word' id='word_1_113' title='bbox 77 1817 152 1880; x_wconf 88' lang='lat' dir='ltr'><strong>tiani</strong></span> <span class='ocrx_word' id='word_1_114' title='bbox 175 1816 295 1878; x_wconf 90' lang='lat' dir='ltr'><strong>loculos</strong></span> <span class='ocrx_word' id='word_1_115' title='bbox 317 1815 540 1879; x_wconf 86' lang='lat' dir='ltr'><strong>transtulerunt.</strong></span> <span class='ocrx_word' id='word_1_116' title='bbox 581 1817 659 1877; x_wconf 90' lang='lat' dir='ltr'><strong>Huic</strong></span> <span class='ocrx_word' id='word_1_117' title='bbox 681 1815 845 1878; x_wconf 89' lang='lat' dir='ltr'><strong>iniustitiae</strong></span> <span class='ocrx_word' id='word_1_118' title='bbox 867 1820 899 1878; x_wconf 91' lang='lat' dir='ltr'><strong>et</strong></span> <span class='ocrx_word' id='word_1_119' title='bbox 915 1815 1133 1877; x_wconf 79' lang='lat' dir='ltr'><strong>defraudationi</strong></span> <span class='ocrx_word' id='word_1_120' title='bbox 1152 1816 1253 1877; x_wconf 88' lang='lat' dir='ltr'><strong>Nerva</strong></span> <span class='ocrx_word' id='word_1_121' title='bbox 1274 1816 1359 1878; x_wconf 89' lang='lat' dir='ltr'><strong>tinem</strong></span> 
     </span>
     <span class='ocr_line' id='line_1_15' title="bbox 77 1931 1360 2014; baseline 0.002 -21"><span class='ocrx_word' id='word_1_122' title='bbox 77 1933 193 2013; x_wconf 91' lang='lat' dir='ltr'><strong>posuit,</strong></span> <span class='ocrx_word' id='word_1_123' title='bbox 215 1931 399 2014; x_wconf 83' lang='lat' dir='ltr'><strong>reditumque</strong></span> <span class='ocrx_word' id='word_1_124' title='bbox 421 1932 536 1994; x_wconf 88' lang='lat' dir='ltr'><strong>aerario</strong></span> <span class='ocrx_word' id='word_1_125' title='bbox 559 1932 703 1993; x_wconf 88' lang='lat' dir='ltr'><strong>restituit.</strong></span> <span class='ocrx_word' id='word_1_126' title='bbox 747 1931 853 2008; x_wconf 81' lang='lat' dir='ltr'><strong>Pergit</strong></span> <span class='ocrx_word' id='word_1_127' title='bbox 873 1931 1048 1997; x_wconf 78' lang='lat' dir='ltr'><strong>Frontinus:</strong></span> <span class='ocrx_word' id='word_1_128' title='bbox 1075 1941 1183 1994; x_wconf 79' lang='lat' dir='ltr'><strong>costra</strong></span> <span class='ocrx_word' id='word_1_129' title='bbox 1208 1931 1360 1995; x_wconf 72' lang='lat' dir='ltr'><strong>sedulitas</strong></span> 
     </span>
     <span class='ocr_line' id='line_1_16' title="bbox 77 2047 1362 2127; baseline -0.002 -16"><span class='ocrx_word' id='word_1_130' title='bbox 77 2049 122 2111; x_wconf 82' lang='lat' dir='ltr'><strong>ad</strong></span> <span class='ocrx_word' id='word_1_131' title='bbox 141 2057 255 2110; x_wconf 82' lang='lat' dir='ltr'><strong>certam</strong></span> <span class='ocrx_word' id='word_1_132' title='bbox 270 2048 406 2127; x_wconf 74' lang='lat' dir='ltr'><strong>rapulam</strong></span> <span class='ocrx_word' id='word_1_133' title='bbox 426 2047 554 2127; x_wconf 77' lang='lat' dir='ltr'><strong>rcdrqtt.</strong></span> <span class='ocrx_word' id='word_1_134' title='bbox 596 2047 696 2125; x_wconf 84' lang='lat' dir='ltr'><strong>lgitur</strong></span> <span class='ocrx_word' id='word_1_135' title='bbox 716 2048 832 2109; x_wconf 89' lang='lat' dir='ltr'><strong>reditus</strong></span> <span class='ocrx_word' id='word_1_136' title='bbox 854 2051 942 2110; x_wconf 88' lang='lat' dir='ltr'><strong>antea</strong></span> <span class='ocrx_word' id='word_1_137' title='bbox 970 2049 1062 2108; x_wconf 87' lang='lat' dir='ltr'><strong>certis</strong></span> <span class='ocrx_word' id='word_1_138' title='bbox 1089 2047 1208 2126; x_wconf 86' lang='lat' dir='ltr'><strong>regulis</strong></span> <span class='ocrx_word' id='word_1_139' title='bbox 1229 2049 1362 2110; x_wconf 75' lang='lat' dir='ltr'><strong>adstric-</strong></span> 
     </span>
     <span class='ocr_line' id='line_1_17' title="bbox 78 2162 1360 2243; baseline -0.001 -17"><span class='ocrx_word' id='word_1_140' title='bbox 78 2170 127 2226; x_wconf 88' lang='lat' dir='ltr'><strong>tus</strong></span> <span class='ocrx_word' id='word_1_141' title='bbox 143 2181 203 2225; x_wconf 90' lang='lat' dir='ltr'><strong>non</strong></span> <span class='ocrx_word' id='word_1_142' title='bbox 224 2164 304 2242; x_wconf 89' lang='lat' dir='ltr'><strong>erat,</strong></span> <span class='ocrx_word' id='word_1_143' title='bbox 327 2165 391 2225; x_wconf 90' lang='lat' dir='ltr'><strong>erat</strong></span> <span class='ocrx_word' id='word_1_144' title='bbox 412 2163 562 2241; x_wconf 87' lang='lat' dir='ltr'><strong>incertus,</strong></span> <span class='ocrx_word' id='word_1_145' title='bbox 585 2164 779 2243; x_wconf 88' lang='lat' dir='ltr'><strong>inconstans,</strong></span> <span class='ocrx_word' id='word_1_146' title='bbox 801 2162 1021 2242; x_wconf 81' lang='lat' dir='ltr'><strong>negligentiae,</strong></span> <span class='ocrx_word' id='word_1_147' title='bbox 1044 2164 1202 2226; x_wconf 88' lang='lat' dir='ltr'><strong>temeritati</strong></span> <span class='ocrx_word' id='word_1_148' title='bbox 1225 2166 1256 2225; x_wconf 91' lang='lat' dir='ltr'><strong>et</strong></span> <span class='ocrx_word' id='word_1_149' title='bbox 1277 2164 1360 2225; x_wconf 90' lang='lat' dir='ltr'><strong>arbl-</strong></span> 
     </span>
     <span class='ocr_line' id='line_1_18' title="bbox 79 2277 1361 2361; baseline -0.001 -19"><span class='ocrx_word' id='word_1_150' title='bbox 79 2282 138 2343; x_wconf 89' lang='lat' dir='ltr'><strong>trio</strong></span> <span class='ocrx_word' id='word_1_151' title='bbox 161 2281 290 2341; x_wconf 90' lang='lat' dir='ltr'><strong>tutorum</strong></span> <span class='ocrx_word' id='word_1_152' title='bbox 312 2277 473 2356; x_wconf 86' lang='lat' dir='ltr'><strong>obnoxius,</strong></span> <span class='ocrx_word' id='word_1_153' title='bbox 496 2278 602 2359; x_wconf 91' lang='lat' dir='ltr'><strong>quibus</strong></span> <span class='ocrx_word' id='word_1_154' title='bbox 624 2298 661 2340; x_wconf 90' lang='lat' dir='ltr'><strong>ne</strong></span> <span class='ocrx_word' id='word_1_155' title='bbox 684 2279 840 2340; x_wconf 87' lang='lat' dir='ltr'><strong>constabat</strong></span> <span class='ocrx_word' id='word_1_156' title='bbox 861 2280 996 2361; x_wconf 88' lang='lat' dir='ltr'><strong>quidem,</strong></span> <span class='ocrx_word' id='word_1_157' title='bbox 1020 2297 1094 2359; x_wconf 89' lang='lat' dir='ltr'><strong>quae</strong></span> <span class='ocrx_word' id='word_1_158' title='bbox 1117 2282 1220 2341; x_wconf 89' lang='lat' dir='ltr'><strong>essent</strong></span> <span class='ocrx_word' id='word_1_159' title='bbox 1235 2279 1304 2341; x_wconf 90' lang='lat' dir='ltr'><strong>loca</strong></span> <span class='ocrx_word' id='word_1_160' title='bbox 1324 2280 1361 2341; x_wconf 94' lang='lat' dir='ltr'><strong>ad</strong></span> 
     </span>
    </p>
   </div>
   <div class='ocr_carea' id='block_1_3' title="bbox 77 2393 1363 2820">
    <p class='ocr_par' dir='ltr' id='par_1_4' title="bbox 77 2393 1363 2820">
     <span class='ocr_line' id='line_1_19' title="bbox 77 2393 1360 2483; baseline 0.001 -25"><span class='ocrx_word' id='word_1_161' title='bbox 77 2393 214 2473; x_wconf 84' lang='lat' dir='ltr'><strong>vectigal</strong></span> <span class='ocrx_word' id='word_1_162' title='bbox 234 2395 424 2475; x_wconf 77' lang='lat' dir='ltr'><strong>pertinentia.</strong></span> <span class='ocrx_word' id='word_1_163' title='bbox 451 2394 602 2483; x_wconf 78' lang='lat' dir='ltr'><strong>—Quod</strong></span> <span class='ocrx_word' id='word_1_164' title='bbox 624 2412 710 2476; x_wconf 91' lang='lat' dir='ltr'><strong>quum</strong></span> <span class='ocrx_word' id='word_1_165' title='bbox 732 2393 791 2455; x_wconf 92' lang='lat' dir='ltr'><strong>duo</strong></span> <span class='ocrx_word' id='word_1_166' title='bbox 814 2394 892 2472; x_wconf 89' lang='lat' dir='ltr'><strong>sint,</strong></span> <span class='ocrx_word' id='word_1_167' title='bbox 923 2412 997 2476; x_wconf 89' lang='lat' dir='ltr'><strong>quae</strong></span> <span class='ocrx_word' id='word_1_168' title='bbox 1019 2394 1179 2456; x_wconf 86' lang='lat' dir='ltr'><strong>Frontinus</strong></span> <span class='ocrx_word' id='word_1_169' title='bbox 1209 2397 1360 2474; x_wconf 88' lang='lat' dir='ltr'><strong>distineat,</strong></span> 
     </span>
     <span class='ocr_line' id='line_1_20' title="bbox 79 2508 1362 2594; baseline 0 -22"><span class='ocrx_word' id='word_1_170' title='bbox 79 2530 203 2594; x_wconf 91' lang='lat' dir='ltr'><strong>quorum</strong></span> <span class='ocrx_word' id='word_1_171' title='bbox 225 2510 378 2590; x_wconf 84' lang='lat' dir='ltr'><strong>posterius</strong></span> <span class='ocrx_word' id='word_1_172' title='bbox 401 2511 559 2571; x_wconf 83' lang='lat' dir='ltr'><strong>manifesto</strong></span> <span class='ocrx_word' id='word_1_173' title='bbox 583 2511 620 2570; x_wconf 87' lang='lat' dir='ltr'><strong>ad</strong></span> <span class='ocrx_word' id='word_1_174' title='bbox 641 2509 768 2571; x_wconf 88' lang='lat' dir='ltr'><strong>reditum</strong></span> <span class='ocrx_word' id='word_1_175' title='bbox 789 2529 899 2588; x_wconf 73' lang='lat' dir='ltr'><strong>capum</strong></span> <span class='ocrx_word' id='word_1_176' title='bbox 922 2511 1059 2586; x_wconf 69' lang='lat' dir='ltr'><strong>spectata</strong></span> <span class='ocrx_word' id='word_1_177' title='bbox 1088 2508 1158 2571; x_wconf 87' lang='lat' dir='ltr'><strong>loco</strong></span> <span class='ocrx_word' id='word_1_178' title='bbox 1180 2515 1362 2573; x_wconf 91' lang='lat' dir='ltr'><strong>controver-</strong></span> 
     </span>
     <span class='ocr_line' id='line_1_21' title="bbox 79 2625 1361 2707; baseline 0.002 -20"><span class='ocrx_word' id='word_1_179' title='bbox 79 2645 132 2687; x_wconf 90' lang='lat' dir='ltr'><strong>sae</strong></span> <span class='ocrx_word' id='word_1_180' title='bbox 154 2627 245 2687; x_wconf 91' lang='lat' dir='ltr'><strong>vocis</strong></span> <span class='ocrx_word' id='word_1_181' title='bbox 267 2627 409 2704; x_wconf 88' lang='lat' dir='ltr'><strong>scriptam</strong></span> <span class='ocrx_word' id='word_1_182' title='bbox 432 2625 469 2686; x_wconf 89' lang='lat' dir='ltr'><strong>ab</strong></span> <span class='ocrx_word' id='word_1_183' title='bbox 491 2627 624 2687; x_wconf 87' lang='lat' dir='ltr'><strong>auctoris</strong></span> <span class='ocrx_word' id='word_1_184' title='bbox 646 2644 730 2686; x_wconf 92' lang='lat' dir='ltr'><strong>mauu</strong></span> <span class='ocrx_word' id='word_1_185' title='bbox 753 2625 849 2686; x_wconf 85' lang='lat' dir='ltr'><strong>fuisse</strong></span> <span class='ocrx_word' id='word_1_186' title='bbox 870 2641 977 2685; x_wconf 88' lang='lat' dir='ltr'><strong>vocem</strong></span> <span class='ocrx_word' id='word_1_187' title='bbox 998 2628 1139 2704; x_wconf 86' lang='lat' dir='ltr'><strong>apparet,</strong></span> <span class='ocrx_word' id='word_1_188' title='bbox 1167 2644 1241 2707; x_wconf 88' lang='lat' dir='ltr'><strong>quae</strong></span> <span class='ocrx_word' id='word_1_189' title='bbox 1267 2629 1361 2706; x_wconf 76' lang='lat' dir='ltr'><strong>priori</strong></span> 
     </span>
     <span class='ocr_line' id='line_1_22' title="bbox 80 2738 1363 2820; baseline 0.002 -18"><span class='ocrx_word' id='word_1_190' title='bbox 80 2743 251 2803; x_wconf 87' lang='lat' dir='ltr'><strong>sententiae</strong></span> <span class='ocrx_word' id='word_1_191' title='bbox 273 2740 462 2802; x_wconf 88' lang='lat' dir='ltr'><strong>adumbratae</strong></span> <span class='ocrx_word' id='word_1_192' title='bbox 484 2742 661 2820; x_wconf 89' lang='lat' dir='ltr'><strong>respondet.</strong></span> <span class='ocrx_word' id='word_1_193' title='bbox 702 2740 777 2805; x_wconf 85' lang='lat' dir='ltr'><strong>Sclr.</strong></span> <span class='ocrx_word' id='word_1_194' title='bbox 799 2738 953 2817; x_wconf 79' lang='lat' dir='ltr'><strong>vulgatam</strong></span> <span class='ocrx_word' id='word_1_195' title='bbox 976 2741 1069 2802; x_wconf 91' lang='lat' dir='ltr'><strong>vertit</strong></span> <span class='ocrx_word' id='word_1_196' title='bbox 1089 2742 1280 2820; x_wconf 85' lang='lat' dir='ltr'><strong>„springend</strong></span> <span class='ocrx_word' id='word_1_197' title='bbox 1303 2745 1363 2805; x_wconf 94' lang='lat' dir='ltr'><strong>und</strong></span> 
     </span>
    </p>
   </div>
   <div class='ocr_carea' id='block_1_4' title="bbox 79 2854 1378 4445">
    <p class='ocr_par' dir='ltr' id='par_1_5' title="bbox 79 2854 1366 3748">
     <span class='ocr_line' id='line_1_23' title="bbox 79 2854 1363 2940; baseline 0.001 -21"><span class='ocrx_word' id='word_1_198' title='bbox 79 2854 317 2936; x_wconf 72' lang='lat' dir='ltr'><strong>nabestindig“;</strong></span> <span class='ocrx_word' id='word_1_199' title='bbox 345 2875 420 2940; x_wconf 90' lang='lat' dir='ltr'><strong>quae</strong></span> <span class='ocrx_word' id='word_1_200' title='bbox 442 2859 546 2919; x_wconf 74' lang='lat' dir='ltr'><strong>versIo</strong></span> <span class='ocrx_word' id='word_1_201' title='bbox 568 2856 824 2937; x_wconf 85' lang='lat' dir='ltr'><strong>interpretationis</strong></span> <span class='ocrx_word' id='word_1_202' title='bbox 845 2857 973 2932; x_wconf 89' lang='lat' dir='ltr'><strong>indiget.</strong></span> <span class='ocrx_word' id='word_1_203' title='bbox 1015 2855 1085 2932; x_wconf 76' lang='lat' dir='ltr'><strong>ligo</strong></span> <span class='ocrx_word' id='word_1_204' title='bbox 1107 2875 1225 2938; x_wconf 90' lang='lat' dir='ltr'><strong>quoque</strong></span> <span class='ocrx_word' id='word_1_205' title='bbox 1247 2861 1363 2920; x_wconf 85' lang='lat' dir='ltr'><strong>retine-</strong></span> 
     </span>
     <span class='ocr_line' id='line_1_24' title="bbox 79 2971 1363 3053; baseline -0.001 -16"><span class='ocrx_word' id='word_1_206' title='bbox 79 2973 323 3051; x_wconf 72' lang='lat' dir='ltr'><strong>renuntiantem,</strong></span> <span class='ocrx_word' id='word_1_207' title='bbox 346 2990 383 3034; x_wconf 87' lang='lat' dir='ltr'><strong>ea</strong></span> <span class='ocrx_word' id='word_1_208' title='bbox 404 2975 538 3053; x_wconf 90' lang='lat' dir='ltr'><strong>notione,</strong></span> <span class='ocrx_word' id='word_1_209' title='bbox 562 2976 594 3035; x_wconf 95' lang='lat' dir='ltr'><strong>ut</strong></span> <span class='ocrx_word' id='word_1_210' title='bbox 616 2973 720 3035; x_wconf 89' lang='lat' dir='ltr'><strong>iocose</strong></span> <span class='ocrx_word' id='word_1_211' title='bbox 742 2972 858 3034; x_wconf 89' lang='lat' dir='ltr'><strong>dicatur</strong></span> <span class='ocrx_word' id='word_1_212' title='bbox 877 2983 951 3051; x_wconf 84' lang='lat' dir='ltr'><strong>pro:</strong></span> <span class='ocrx_word' id='word_1_213' title='bbox 973 2974 1061 3034; x_wconf 89' lang='lat' dir='ltr'><strong>modo</strong></span> <span class='ocrx_word' id='word_1_214' title='bbox 1084 2973 1120 3033; x_wconf 93' lang='lat' dir='ltr'><strong>ab</strong></span> <span class='ocrx_word' id='word_1_215' title='bbox 1141 2971 1200 3034; x_wconf 89' lang='lat' dir='ltr'><strong>boc</strong></span> <span class='ocrx_word' id='word_1_216' title='bbox 1216 2975 1304 3036; x_wconf 91' lang='lat' dir='ltr'><strong>modo</strong></span> <span class='ocrx_word' id='word_1_217' title='bbox 1326 2976 1363 3036; x_wconf 88' lang='lat' dir='ltr'><strong>ab</strong></span> 
     </span>
     <span class='ocr_line' id='line_1_25' title="bbox 79 3086 1363 3169; baseline 0 -19"><span class='ocrx_word' id='word_1_218' title='bbox 79 3088 136 3150; x_wconf 92' lang='lat' dir='ltr'><strong>illu</strong></span> <span class='ocrx_word' id='word_1_219' title='bbox 160 3091 334 3168; x_wconf 89' lang='lat' dir='ltr'><strong>occupatum</strong></span> <span class='ocrx_word' id='word_1_220' title='bbox 355 3106 391 3149; x_wconf 91' lang='lat' dir='ltr'><strong>ac</strong></span> <span class='ocrx_word' id='word_1_221' title='bbox 413 3089 610 3166; x_wconf 88' lang='lat' dir='ltr'><strong>vindicatum,</strong></span> <span class='ocrx_word' id='word_1_222' title='bbox 633 3089 720 3150; x_wconf 80' lang='lat' dir='ltr'><strong>niodo</strong></span> <span class='ocrx_word' id='word_1_223' title='bbox 741 3090 779 3150; x_wconf 91' lang='lat' dir='ltr'><strong>ad</strong></span> <span class='ocrx_word' id='word_1_224' title='bbox 805 3086 885 3150; x_wconf 90' lang='lat' dir='ltr'><strong>bunc</strong></span> <span class='ocrx_word' id='word_1_225' title='bbox 906 3090 995 3150; x_wconf 89' lang='lat' dir='ltr'><strong>modo</strong></span> <span class='ocrx_word' id='word_1_226' title='bbox 1017 3090 1053 3151; x_wconf 92' lang='lat' dir='ltr'><strong>ad</strong></span> <span class='ocrx_word' id='word_1_227' title='bbox 1076 3089 1158 3150; x_wconf 90' lang='lat' dir='ltr'><strong>illum</strong></span> <span class='ocrx_word' id='word_1_228' title='bbox 1181 3088 1363 3169; x_wconf 86' lang='lat' dir='ltr'><strong>translatum,</strong></span> 
     </span>
     <span class='ocr_line' id='line_1_26' title="bbox 80 3203 1365 3268; baseline 0 -2"><span class='ocrx_word' id='word_1_229' title='bbox 80 3204 174 3268; x_wconf 90' lang='lat' dir='ltr'><strong>modo</strong></span> <span class='ocrx_word' id='word_1_230' title='bbox 196 3204 226 3266; x_wconf 89' lang='lat' dir='ltr'><strong>in</strong></span> <span class='ocrx_word' id='word_1_231' title='bbox 247 3203 336 3265; x_wconf 88' lang='lat' dir='ltr'><strong>buius</strong></span> <span class='ocrx_word' id='word_1_232' title='bbox 363 3204 452 3265; x_wconf 91' lang='lat' dir='ltr'><strong>modo</strong></span> <span class='ocrx_word' id='word_1_233' title='bbox 479 3207 508 3267; x_wconf 91' lang='lat' dir='ltr'><strong>in</strong></span> <span class='ocrx_word' id='word_1_234' title='bbox 537 3204 620 3266; x_wconf 87' lang='lat' dir='ltr'><strong>illius</strong></span> <span class='ocrx_word' id='word_1_235' title='bbox 651 3203 799 3267; x_wconf 88' lang='lat' dir='ltr'><strong>saeculum</strong></span> <span class='ocrx_word' id='word_1_236' title='bbox 821 3205 1046 3267; x_wconf 78' lang='lat' dir='ltr'><strong>transilIentem.</strong></span> <span class='ocrx_word' id='word_1_237' title='bbox 1089 3205 1152 3268; x_wconf 91' lang='lat' dir='ltr'><strong>Sed</strong></span> <span class='ocrx_word' id='word_1_238' title='bbox 1174 3205 1239 3267; x_wconf 88' lang='lat' dir='ltr'><strong>dum</strong></span> <span class='ocrx_word' id='word_1_239' title='bbox 1262 3206 1365 3267; x_wconf 90' lang='lat' dir='ltr'><strong>vindi-</strong></span> 
     </span>
     <span class='ocr_line' id='line_1_27' title="bbox 81 3319 1365 3400; baseline -0.001 -17"><span class='ocrx_word' id='word_1_240' title='bbox 81 3337 154 3383; x_wconf 89' lang='lat' dir='ltr'><strong>care</strong></span> <span class='ocrx_word' id='word_1_241' title='bbox 175 3319 299 3383; x_wconf 86' lang='lat' dir='ltr'><strong>verbum</strong></span> <span class='ocrx_word' id='word_1_242' title='bbox 320 3321 436 3395; x_wconf 83' lang='lat' dir='ltr'><strong>salire,</strong></span> <span class='ocrx_word' id='word_1_243' title='bbox 458 3321 537 3381; x_wconf 92' lang='lat' dir='ltr'><strong>nude</strong></span> <span class='ocrx_word' id='word_1_244' title='bbox 559 3325 590 3382; x_wconf 94' lang='lat' dir='ltr'><strong>et</strong></span> <span class='ocrx_word' id='word_1_245' title='bbox 611 3320 748 3383; x_wconf 89' lang='lat' dir='ltr'><strong>absolute</strong></span> <span class='ocrx_word' id='word_1_246' title='bbox 771 3321 816 3383; x_wconf 89' lang='lat' dir='ltr'><strong>sic</strong></span> <span class='ocrx_word' id='word_1_247' title='bbox 838 3321 986 3400; x_wconf 92' lang='lat' dir='ltr'><strong>positum,</strong></span> <span class='ocrx_word' id='word_1_248' title='bbox 1010 3322 1181 3382; x_wconf 87' lang='lat' dir='ltr'><strong>idoneorum</strong></span> <span class='ocrx_word' id='word_1_249' title='bbox 1205 3321 1365 3400; x_wconf 88' lang='lat' dir='ltr'><strong>exemplo-</strong></span> 
     </span>
     <span class='ocr_line' id='line_1_28' title="bbox 80 3435 1364 3515; baseline 0 -17"><span class='ocrx_word' id='word_1_250' title='bbox 80 3455 148 3498; x_wconf 88' lang='lat' dir='ltr'><strong>rum</strong></span> <span class='ocrx_word' id='word_1_251' title='bbox 168 3436 346 3497; x_wconf 90' lang='lat' dir='ltr'><strong>auctoritate</strong></span> <span class='ocrx_word' id='word_1_252' title='bbox 368 3435 475 3497; x_wconf 89' lang='lat' dir='ltr'><strong>iulcire</strong></span> <span class='ocrx_word' id='word_1_253' title='bbox 497 3454 557 3497; x_wconf 92' lang='lat' dir='ltr'><strong>non</strong></span> <span class='ocrx_word' id='word_1_254' title='bbox 579 3436 686 3515; x_wconf 85' lang='lat' dir='ltr'><strong>valeo,</strong></span> <span class='ocrx_word' id='word_1_255' title='bbox 716 3437 746 3498; x_wconf 91' lang='lat' dir='ltr'><strong>in</strong></span> <span class='ocrx_word' id='word_1_256' title='bbox 776 3440 892 3499; x_wconf 87' lang='lat' dir='ltr'><strong>textum</strong></span> <span class='ocrx_word' id='word_1_257' title='bbox 920 3437 996 3497; x_wconf 95' lang='lat' dir='ltr'><strong>illud</strong></span> <span class='ocrx_word' id='word_1_258' title='bbox 1017 3435 1152 3514; x_wconf 89' lang='lat' dir='ltr'><strong>recipere</strong></span> <span class='ocrx_word' id='word_1_259' title='bbox 1177 3454 1237 3497; x_wconf 92' lang='lat' dir='ltr'><strong>non</strong></span> <span class='ocrx_word' id='word_1_260' title='bbox 1259 3439 1364 3499; x_wconf 91' lang='lat' dir='ltr'><strong>ausim.</strong></span> 
     </span>
     <span class='ocr_line' id='line_1_29' title="bbox 83 3549 1366 3638; baseline 0.001 -26"><span class='ocrx_word' id='word_1_261' title='bbox 83 3549 282 3638; x_wconf 78' lang='lat' dir='ltr'><strong>Quamobrem</strong></span> <span class='ocrx_word' id='word_1_262' title='bbox 303 3549 410 3612; x_wconf 87' lang='lat' dir='ltr'><strong>Poleni</strong></span> <span class='ocrx_word' id='word_1_263' title='bbox 436 3552 670 3613; x_wconf 83' lang='lat' dir='ltr'><strong>enrendationem</strong></span> <span class='ocrx_word' id='word_1_264' title='bbox 693 3555 815 3614; x_wconf 87' lang='lat' dir='ltr'><strong>secutus</strong></span> <span class='ocrx_word' id='word_1_265' title='bbox 837 3571 918 3630; x_wconf 89' lang='lat' dir='ltr'><strong>sum,</strong></span> <span class='ocrx_word' id='word_1_266' title='bbox 940 3553 977 3612; x_wconf 89' lang='lat' dir='ltr'><strong>ad</strong></span> <span class='ocrx_word' id='word_1_267' title='bbox 999 3568 1117 3612; x_wconf 87' lang='lat' dir='ltr'><strong>sensum</strong></span> <span class='ocrx_word' id='word_1_268' title='bbox 1134 3551 1326 3630; x_wconf 86' lang='lat' dir='ltr'><strong>aptissimam,</strong></span> <span class='ocrx_word' id='word_1_269' title='bbox 1347 3569 1366 3613; x_wconf 94' lang='lat' dir='ltr'><strong>a</strong></span> 
     </span>
     <span class='ocr_line' id='line_1_30' title="bbox 81 3665 786 3748; baseline 0 -20"><span class='ocrx_word' id='word_1_270' title='bbox 81 3685 158 3730; x_wconf 85' lang='lat' dir='ltr'><strong>mss.</strong></span> <span class='ocrx_word' id='word_1_271' title='bbox 178 3666 324 3746; x_wconf 78' lang='lat' dir='ltr'><strong>vestigiis</strong></span> <span class='ocrx_word' id='word_1_272' title='bbox 344 3685 440 3745; x_wconf 89' lang='lat' dir='ltr'><strong>paene</strong></span> <span class='ocrx_word' id='word_1_273' title='bbox 462 3665 534 3728; x_wconf 90' lang='lat' dir='ltr'><strong>nibil</strong></span> <span class='ocrx_word' id='word_1_274' title='bbox 558 3669 786 3748; x_wconf 89' lang='lat' dir='ltr'><strong>discrepantem.</strong></span> 
     </span>
    </p>

    <p class='ocr_par' dir='ltr' id='par_1_6' title="bbox 167 3780 983 3866">
     <span class='ocr_line' id='line_1_31' title="bbox 167 3780 983 3866; baseline -0.002 -22"><span class='ocrx_word' id='word_1_275' title='bbox 167 3782 346 3854; x_wconf 84' lang='lat' dir='ltr'><strong>alienatum)</strong></span> <span class='ocrx_word' id='word_1_276' title='bbox 367 3780 465 3845; x_wconf 88' lang='lat' dir='ltr'><strong>lntell.</strong></span> <span class='ocrx_word' id='word_1_277' title='bbox 487 3800 505 3842; x_wconf 90' lang='lat' dir='ltr'><strong>a</strong></span> <span class='ocrx_word' id='word_1_278' title='bbox 526 3783 651 3862; x_wconf 91' lang='lat' dir='ltr'><strong>populo,</strong></span> <span class='ocrx_word' id='word_1_279' title='bbox 674 3802 714 3845; x_wconf 85' lang='lat' dir='ltr'><strong>ex</strong></span> <span class='ocrx_word' id='word_1_280' title='bbox 735 3801 818 3866; x_wconf 87' lang='lat' dir='ltr'><strong>seqq.</strong></span> <span class='ocrx_word' id='word_1_281' title='bbox 845 3781 983 3846; x_wconf 83' lang='lat' dir='ltr'><strong>lllllNll.</strong></span> 
     </span>
    </p>

    <p class='ocr_par' dir='ltr' id='par_1_7' title="bbox 86 3897 1366 4078">
     <span class='ocr_line' id='line_1_32' title="bbox 169 3897 1366 3979; baseline -0.002 -18"><span class='ocrx_word' id='word_1_282' title='bbox 169 3901 200 3961; x_wconf 82' lang='lat' dir='ltr'><strong>ia</strong></span> <span class='ocrx_word' id='word_1_283' title='bbox 221 3898 341 3960; x_wconf 80' lang='lat' dir='ltr'><strong>loculos</strong></span> <span class='ocrx_word' id='word_1_284' title='bbox 365 3902 556 3970; x_wconf 82' lang='lat' dir='ltr'><strong>conversum)</strong></span> <span class='ocrx_word' id='word_1_285' title='bbox 586 3897 720 3960; x_wconf 86' lang='lat' dir='ltr'><strong>Gronov.</strong></span> <span class='ocrx_word' id='word_1_286' title='bbox 747 3897 821 3962; x_wconf 82' lang='lat' dir='ltr'><strong>obs.</strong></span> <span class='ocrx_word' id='word_1_287' title='bbox 849 3919 881 3979; x_wconf 90' lang='lat' dir='ltr'><strong>p.</strong></span> <span class='ocrx_word' id='word_1_288' title='bbox 904 3901 965 3960; x_wconf 70' lang='lat'><strong>5³0</strong></span> <span class='ocrx_word' id='word_1_289' title='bbox 992 3898 1205 3979; x_wconf 82' lang='lat' dir='ltr'><strong>confiscatum,</strong></span> <span class='ocrx_word' id='word_1_290' title='bbox 1234 3899 1366 3961; x_wconf 86' lang='lat' dir='ltr'><strong>Sueten.</strong></span> 
     </span>
     <span class='ocr_line' id='line_1_33' title="bbox 86 4012 1135 4078; baseline -0.002 -1"><span class='ocrx_word' id='word_1_291' title='bbox 86 4013 199 4077; x_wconf 81' lang='lat' dir='ltr'><strong>Octav.</strong></span> <span class='ocrx_word' id='word_1_292' title='bbox 223 4031 251 4075; x_wconf 92' lang='lat' dir='ltr'><strong>c.</strong></span> <span class='ocrx_word' id='word_1_293' title='bbox 273 4013 329 4075; x_wconf 92' lang='lat' dir='ltr'><strong>ult.</strong></span> <span class='ocrx_word' id='word_1_294' title='bbox 351 4012 489 4076; x_wconf 80' lang='lat' dir='ltr'><strong>HFlNll.</strong></span> <span class='ocrx_word' id='word_1_295' title='bbox 510 4012 559 4075; x_wconf 90' lang='lat' dir='ltr'><strong>De</strong></span> <span class='ocrx_word' id='word_1_296' title='bbox 582 4013 693 4075; x_wconf 82' lang='lat' dir='ltr'><strong>locutio</strong></span> <span class='ocrx_word' id='word_1_297' title='bbox 713 4015 753 4078; x_wconf 82' lang='lat' dir='ltr'><strong>ei.</strong></span> <span class='ocrx_word' id='word_1_298' title='bbox 775 4013 849 4075; x_wconf 88' lang='lat' dir='ltr'><strong>Scb.</strong></span> <span class='ocrx_word' id='word_1_299' title='bbox 873 4014 943 4076; x_wconf 92' lang='lat' dir='ltr'><strong>Vll.</strong></span> <span class='ocrx_word' id='word_1_300' title='bbox 967 4019 1015 4076; x_wconf 78' lang='lat'><strong>14.</strong></span> <span class='ocrx_word' id='word_1_301' title='bbox 1130 4070 1135 4075; x_wconf 89' lang='lat'><strong>.</strong></span> 
     </span>
    </p>

    <p class='ocr_par' dir='ltr' id='par_1_8' title="bbox 87 4127 1378 4334">
     <span class='ocr_line' id='line_1_34' title="bbox 169 4127 1366 4211; baseline -0.002 -20"><span class='ocrx_word' id='word_1_302' title='bbox 169 4139 276 4192; x_wconf 83' lang='lat' dir='ltr'><strong>aoatra</strong></span> <span class='ocrx_word' id='word_1_303' title='bbox 296 4127 465 4211; x_wconf 76' lang='lat' dir='ltr'><strong>sedulitas]</strong></span> <span class='ocrx_word' id='word_1_304' title='bbox 495 4129 605 4191; x_wconf 86' lang='lat' dir='ltr'><strong>lisdem</strong></span> <span class='ocrx_word' id='word_1_305' title='bbox 630 4130 724 4191; x_wconf 92' lang='lat' dir='ltr'><strong>utitur</strong></span> <span class='ocrx_word' id='word_1_306' title='bbox 744 4130 849 4191; x_wconf 86' lang='lat' dir='ltr'><strong>verbis</strong></span> <span class='ocrx_word' id='word_1_307' title='bbox 871 4129 1007 4208; x_wconf 87' lang='lat' dir='ltr'><strong>Stratcg.</strong></span> <span class='ocrx_word' id='word_1_308' title='bbox 1029 4130 1147 4208; x_wconf 72' lang='lat' dir='ltr'><strong>Praei,</strong></span> <span class='ocrx_word' id='word_1_309' title='bbox 1169 4131 1219 4191; x_wconf 90' lang='lat' dir='ltr'><strong>ubl</strong></span> <span class='ocrx_word' id='word_1_310' title='bbox 1242 4127 1366 4191; x_wconf 92' lang='lat' dir='ltr'><strong>0uden-</strong></span> 
     </span>
     <span class='ocr_line' id='line_1_35' title="bbox 87 4228 1378 4334; baseline -0.003 -26"><span class='ocrx_word' id='word_1_311' title='bbox 87 4246 174 4327; x_wconf 91' lang='lat' dir='ltr'><strong>dorp.</strong></span> <span class='ocrx_word' id='word_1_312' title='bbox 197 4230 327 4308; x_wconf 84' lang='lat' dir='ltr'><strong>nostrum</strong></span> <span class='ocrx_word' id='word_1_313' title='bbox 349 4245 447 4308; x_wconf 90' lang='lat' dir='ltr'><strong>locum</strong></span> <span class='ocrx_word' id='word_1_314' title='bbox 468 4244 585 4310; x_wconf 73' lang='lat' dir='ltr'><strong>laudata</strong></span> <span class='ocrx_word' id='word_1_315' title='bbox 607 4244 711 4306; x_wconf 88' lang='lat' dir='ltr'><strong>iisdem</strong></span> <span class='ocrx_word' id='word_1_316' title='bbox 733 4245 770 4306; x_wconf 92' lang='lat' dir='ltr'><strong>de</strong></span> <span class='ocrx_word' id='word_1_317' title='bbox 791 4243 871 4322; x_wconf 77' lang='lat' dir='ltr'><strong>dgr.</strong></span> <span class='ocrx_word' id='word_1_318' title='bbox 894 4247 983 4334; x_wconf 78' lang='lat' dir='ltr'><strong>Quat.</strong></span> <span class='ocrx_word' id='word_1_319' title='bbox 1006 4266 1036 4326; x_wconf 89' lang='lat' dir='ltr'><strong>p.</strong></span> <span class='ocrx_word' id='word_1_320' title='bbox 1058 4242 1098 4308; x_wconf 80' lang='lat' dir='ltr'><strong>bs</strong></span> <span class='ocrx_word' id='word_1_321' title='bbox 1119 4265 1168 4326; x_wconf 90' lang='lat' dir='ltr'><strong>ap.</strong></span> <span class='ocrx_word' id='word_1_322' title='bbox 1191 4243 1284 4306; x_wconf 85' lang='lat' dir='ltr'><strong>Goes.</strong></span> <span class='ocrx_word' id='word_1_323' title='bbox 1367 4228 1378 4264; x_wconf 66' lang='lat'><em>⁵</em></span> 
     </span>
    </p>

    <p class='ocr_par' dir='ltr' id='par_1_9' title="bbox 172 4358 1366 4445">
     <span class='ocr_line' id='line_1_36' title="bbox 172 4358 1366 4445; baseline -0.004 -20"><span class='ocrx_word' id='word_1_324' title='bbox 172 4361 303 4425; x_wconf 77' lang='lat' dir='ltr'><strong>cartello</strong></span> <span class='ocrx_word' id='word_1_325' title='bbox 313 4370 343 4424; x_wconf 86' lang='lat' dir='ltr'><strong>et</strong></span> <span class='ocrx_word' id='word_1_326' title='bbox 353 4361 457 4436; x_wconf 75' lang='lat' dir='ltr'><strong>lacos)</strong></span> <span class='ocrx_word' id='word_1_327' title='bbox 466 4360 657 4427; x_wconf 84' lang='lat' dir='ltr'><strong>Muaerablc</strong></span> <span class='ocrx_word' id='word_1_328' title='bbox 669 4379 728 4424; x_wconf 85' lang='lat' dir='ltr'><strong>noa</strong></span> <span class='ocrx_word' id='word_1_329' title='bbox 739 4360 909 4441; x_wconf 80' lang='lat' dir='ltr'><strong>posita,ubi</strong></span> <span class='ocrx_word' id='word_1_330' title='bbox 923 4363 959 4424; x_wconf 89' lang='lat' dir='ltr'><strong>de</strong></span> <span class='ocrx_word' id='word_1_331' title='bbox 967 4363 1044 4445; x_wconf 71' lang='lat' dir='ltr'><strong>fisco</strong></span> <span class='ocrx_word' id='word_1_332' title='bbox 1056 4380 1153 4424; x_wconf 87' lang='lat' dir='ltr'><strong>sermo</strong></span> <span class='ocrx_word' id='word_1_333' title='bbox 1165 4358 1366 4423; x_wconf 83' lang='lat' dir='ltr'><strong>estllillb&#39;ll.</strong></span> 
     </span>
    </p>
   </div>
   <div class='ocr_carea' id='block_1_5' title="bbox 0 0 1459 4710">
    <p class='ocr_par' dir='ltr' id='par_1_10' title="bbox 0 0 1459 4710">
     <span class='ocr_line' id='line_1_37' title="bbox 0 0 1459 4710; baseline 0 0"><span class='ocrx_word' id='word_1_334' title='bbox 0 0 1459 4710; x_wconf 95' lang='lat' dir='ltr'><strong> </strong></span> 
     </span>
    </p>
   </div>
  </div>
 </body>
</html>
