2888 4710
82 154 182 232 xvl
568 153 893 232 PRAEFATIO.

85 391 172 486 (pro
200 411 268 485 quo
296 387 329 459 in
354 387 380 460 J
407 408 492 460 esse
525 386 878 486 subscriptione
917 386 986 460 iam
1020 387 1259 482 andivimus).
1305 390 1375 466 lbi·

85 520 183 595 dem:
213 517 850 614 'l'orquatiornmAlsietinae
875 518 1128 617 Augustae
1154 544 1311 594 ramus
1336 522 1375 597 ab
1413 530 1418 593 '.

82 652 306 726 milliario
346 704 570 724 ......
609 652 652 724 in
695 651 1057 749 supplementum
1098 650 1200 725 eius
1239 650 1375 728 addi·

84 797 156 858 tus
192 837 456 857 ........
496 791 538 854 to
578 808 832 883 cognomen
871 782 1024 857 decem
1063 783 1376 881 gemellorum.

84 917 238 992 Ibidem:
266 938 440 1014 passuum
464 911 868 994 DCOCOLXXXXI
893 915 1102 1015 proxime
1128 915 1376 995 viamColl.

84 1051 166 1125 Art.
205 1046 250 1121 o:
291 1057 418 1121 extra
457 1058 627 1145 portam
666 1048 874 1123 Romanam.
926 1047 1011 1122 Art.
1049 1048 1094 1123 7:
1143 1059 1378 1145 quatenus

85 1181 205 1256 alias
241 1204 399 1279 aquas,
446 1204 555 1277 quas
586 1193 773 1279 posset,
810 1181 852 1255 in
885 1180 1042 1256 urbem
1080 1181 1378 1280 perduceret

84 1317 141 1413 qui
176 1312 292 1413 lapide
327 1311 496 1409 quadrato
529 1315 780 1413 ampliores
813 1311 980 1387 ductus
1016 1315 1207 1411 excitavit,
1244 1340 1378 1415 perque

82 1446 163 1520 illos
189 1469 316 1543 aquam
342 1468 448 1542 quam
474 1446 732 1543 acquisiverat,
761 1446 849 1545 reip.
876 1470 988 1520 causa
1011 1472 1077 1547 per
1104 1471 1215 1545 agros
1238 1448 1379 1525 Fabio·

82 1605 174 1654 rum
216 1578 363 1652 duxit:
419 1576 488 1650 cui
529 1578 581 1652 ab
621 1589 808 1653 anctore
849 1578 1056 1653 Marciae
1094 1605 1255 1655 nomen
1297 1592 1378 1656 est.

81 1713 163 1790 Art.
177 1709 247 1784 17:
276 1709 513 1808 appliciti:
537 1726 795 1806 quantoque
814 1711 1030 1786 maiorem
1052 1712 1379 1813 assiduamque

80 1841 291 1947 protegendi
317 1841 566 1942 muniendique
593 1844 785 1941 exigant
811 1869 973 1918 curam.
1023 1844 1107 1920 Art.
1133 1843 1205 1919 19:
1241 1844 1380 1927 Sum-

78 2001 174 2054 mus
200 1978 234 2049 in
261 1975 306 2047 iis
333 1985 408 2048 est
433 1975 598 2049 Juliae.
651 1975 808 2051 Ibidem:
837 1977 978 2050 collis
1004 1976 1260 2059 Viminalis
1288 2005 1380 2055 con·

78 2114 280 2210 iunguntur.
333 2107 459 2180 Intra
492 2109 617 2183 urbem
650 2118 813 2185 euntes
847 2108 902 2183 ad
926 2109 1198 2185 Viminalem
1229 2137 1380 2211 usque

76 2253 254 2345 portam
280 2239 546 2314 deveniunt.
597 2240 680 2314 Art.
706 2239 776 2315 87:
804 2243 1144 2338 pervertebatur.
1194 2244 1279 2327 Art
1305 2244 1377 2320 94:

76 2378 291 2476 privatus
321 2396 447 2468 aquam
473 2374 617 2446 aliam.
671 2371 775 2464 Quae
801 2374 929 2447 litteris
955 2376 1153 2449 coniunctis
1168 2375 1380 2458 excudenda

76 2507 218 2602 curavi,
255 2503 373 2578 codici
400 2516 482 2578 sunt
507 2506 668 2603 propria3
704 2507 739 2578 in
764 2508 910 2604 reliquis
943 2508 1051 2582 multa
1081 2509 1220 2583 nonnisi
1245 2535 1329 2587 cum
1352 2512 1379 2587 J

76 2641 311 2717 conveniunt:
355 2645 393 2710 ut
427 2638 474 2710 sit
506 2639 587 2712 luce
621 2638 776 2739 clarius,
819 2639 978 2715 codicem
1014 2665 1099 2715 esse
1127 2639 1172 2714 ad
1197 2643 1381 2740 antiquum

75 2777 208 2850 sontem
233 2768 494 2867 reducendum,
532 2770 776 2869 adeundam,
813 2798 859 2846 ex
888 2796 956 2869 qno
985 2772 1039 2846 ed.
1064 2774 1092 2849 J
1120 2774 1279 2855 derivata
1308 2789 1378 2853 est.

74 2906 230 2983 Videtur
256 2902 416 3002 quidem,
453 2916 491 2977 ut
516 2903 666 2982 interC
700 2916 735 2980 et
758 2905 805 3001 J,
842 2907 890 2978 ita
914 2907 1019 2979 etiam
1043 2907 1133 2980 inter
1158 2904 1192 2986 O
1218 2918 1254 2981 et
1278 2914 1378 2981 anti·
1418 2908 1420 2973 ἱ

77 3064 182 3140 quum
208 3037 303 3111 illum
335 3037 498 3113 codicem
525 3038 642 3136 aliqua
668 3037 782 3111 fuisse
808 3040 984 3135 cognatio.
1036 3037 1115 3118 Sed
1138 3040 1378 3139 proprietates

77 3170 274 3274 apographi
302 3171 458 3246 Parisini
484 3194 551 3246 nos
578 3168 773 3266 adducunt,
801 3182 839 3243 ut
866 3170 1063 3267 credamus,
1092 3170 1189 3245 illum
1215 3171 1379 3247 codicem

78 3330 191 3405 aeque
217 3305 336 3379 luisse
363 3305 420 3378 sui
445 3303 544 3398 iuria,
574 3312 678 3399 atque
694 3301 740 3380 C.
753 3303 862 3376 Ratio
888 3302 978 3376 haec
1004 3313 1079 3376 est:
1107 3314 1146 3377 ut
1172 3305 1215 3379 ab
1230 3304 1376 3383 UadO

77 3440 305 3540 respicimuS,
333 3439 379 3511 ita
406 3434 611 3510 aParisino
639 3433 846 3534 apographo
873 3433 918 3507 ad
945 3437 1123 3533 antiquum
1148 3437 1244 3510 illum
1270 3435 1376 3517 codi-

80 3598 159 3649 cem
183 3569 454 3672 respiciendum.
504 3568 637 3643 Parem
664 3566 804 3663 quidem
828 3571 1089 3668 praestantiam,
1119 3580 1224 3667 atque
1250 3590 1319 3666 qua
1336 3567 1375 3647 O

78 3705 261 3804 praeditus
290 3713 357 3797 est,
384 3703 538 3776 tribuere
566 3702 599 3776 ei
623 3726 692 3776 non
718 3724 925 3799 possumus,
954 3702 1137 3800 permagni
1163 3712 1279 3777 tamen
1305 3700 1376 3775 ha-

78 3839 216 3915 bendus
244 3846 316 3930 est:
351 3846 387 3909 et
411 3858 500 3909 sane
527 3836 677 3932 optimae
703 3845 810 3909 notae
836 3858 917 3908 eum
943 3836 1058 3910 luisse
1083 3834 1164 3909 inde
1189 3834 1373 3932 probatur,

81 3971 175 4070 qnod
201 3968 432 4070 quadraginta
458 3968 596 4041 circiter
620 3967 809 4041 lectionum
843 3992 889 4040 ex
922 3966 1127 4066 apographo
1155 3976 1376 4041 enotatarum

79 4107 155 4180 fere
181 4128 265 4204 pars
292 4099 431 4175 dimidia
464 4123 565 4172 suam
600 4098 706 4175 habet
730 4101 998 4199 proprietatem,
1032 4098 1225 4197 harumque
1257 4098 1374 4197 pluri-

77 4262 158 4313 mae
184 4236 392 4336 genuinam,
428 4243 467 4306 ut
493 4255 560 4305 suo
585 4232 664 4306 loco
690 4232 909 4328 videbimus,
936 4232 1096 4307 Frontini
1121 4255 1262 4305 manum
1286 4254 1372 4305 ser-

76 4381 171 4446 vant.
205 4370 347 4448 Utinam
372 4367 484 4467 pluris
513 4363 672 4441 codicem
696 4388 801 4441 suum
827 4364 1056 4442 aestimasset
1066 4365 1235 4443 MennIus
1247 4363 1374 4463 plura·
