2888 4710
87 193 164 273 1⁹0
507 193 951 276 ANNO'I'A'l'lONiiS.

88 432 124 493 ad
147 431 214 492 Art.
231 433 272 490 tid
294 428 397 509 liquet.
430 427 533 489 ilcinr.
557 429 705 506 corrigit:
728 432 850 495 directi.
884 433 965 495 Scia-t
988 431 1145 510 directos,
1167 434 1239 496 scii.
1265 437 1366 496 iornu-

88 548 143 609 ias.
186 544 325 607 liciebat
347 544 495 604 emendari
523 544 676 623 director,
705 547 771 609 soii.
793 549 950 625 moduios,
977 549 1015 609 sd
1037 551 1119 631 quod
1142 568 1255 611 nomen
1277 553 1366 630 respi-

88 667 184 727 ciatur
210 663 239 722 in
260 680 345 742 seqq.
387 659 564 721 Emendatio
588 663 708 723 omnino
730 668 779 725 est
800 666 980 725 necessaria.
1022 663 1114 726 Ratio
1138 682 1200 725 uon
1223 664 1365 741 dirigitur,

88 781 142 843 sed
164 777 273 839 moduli
295 776 466 852 diriguntur
486 775 522 835 ad
540 777 702 855 rationom3
726 779 845 858 respice
867 780 954 841 modo
976 795 1078 861 seqq:
1099 780 1271 842 oecunduon
1292 800 1364 862 peon

88 897 266 971 (rationem)
298 892 422 973 ficiuice
451 909 553 954 ouruuee
578 892 672 972 diripi
698 892 818 955 deieci.
861 895 909 956 Iie
930 897 1050 956 ratione
1071 893 1195 956 loeutus
1217 897 1363 957 Frontinus

88 1016 135 1075 cst
161 1010 229 1072 nrt.
245 1013 305 1071 31:
333 1006 427 1068 Ratio
452 1007 620 1088 fistularum
648 997 854 1091 quinariumm
879 1031 973 1091 usque
997 1009 1041 1070 od
1063 1019 1220 1071 centenum
1241 1015 1363 1072 vicenum

85 1149 144 1212 per
166 1142 266 1186 omnes
285 1114 424 1185 mudrico
445 1127 491 1185 ito
511 1143 547 1185 oe
568 1123 661 1186 ioiet
686 1128 745 1185 etc.
788 1124 837 1186 Ad
865 1123 941 1185 inane
967 1127 1111 1186 rationem
1142 1125 1259 1190 direxit
1284 1125 1364 1187 XXV

86 1240 238 1315 modulos,
268 1241 296 1299 in
323 1238 430 1320 quibus
458 1238 545 1299 etiem
573 1243 712 1320 quattuor
733 1238 822 1315 iilos,
848 1241 902 1301 sed
925 1240 1119 1314 emendatos,
1147 1239 1169 1299 i.
1188 1260 1219 1302 e.
1243 1242 1361 1317 remotis,

86 1377 162 1443 quac
192 1359 220 1416 in
249 1356 287 1415 iis
317 1358 426 1413 novata
452 1357 552 1433 erant,
580 1355 608 1415 in
636 1354 791 1434 pristinum
817 1360 924 1417 statum
951 1357 1112 1417 restitutos
1135 1358 1167 1418 et
1189 1355 1229 1418 ad
1248 1358 1361 1418 mudum

87 1495 151 1539 cum
174 1472 285 1535 coieris
307 1469 434 1529 moduiis
456 1471 598 1531 rationem
622 1471 763 1531 directos.
1281 1459 1285 1463 ’

168 1606 245 1672 quoe
266 1605 343 1668 opius
362 1585 499 1665 socient)
522 1582 610 1668 Opus
628 1587 738 1666 facere
759 1583 809 1646 iuio
832 1583 1011 1646 insolentius
1032 1587 1145 1647 dieitur
1164 1604 1222 1666 pro
1246 1606 1363 1665 „nego-

85 1709 157 1769 tium
180 1699 374 1779 i'ucossere“,
398 1702 419 1760 i.
438 1719 466 1761 e.
488 1701 692 1763 difficultatem
714 1705 746 1761 et
768 1699 934 1761 molestiam
955 1719 1080 1781 parare,
1102 1701 1173 1768 seii.
1196 1704 1236 1763 de
1253 1702 1363 1778 tistulis,

85 1839 161 1906 quoe
189 1836 247 1880 nou
274 1818 309 1876 ad
337 1834 437 1876 voram
459 1817 709 1897 constitutamque
732 1817 876 1877 rationem
898 1819 967 1877 sunt
988 1817 1134 1878 directae.
1179 1816 1257 1879 Scir.
1277 1820 1361 1879 uertit

84 1937 160 2015 „die
189 1933 295 1994 weitor
323 1929 599 1995 eriorderiicheu“.
642 1934 674 1992 et
703 1931 782 1992 inira
806 1929 867 1993 iae
889 1932 1013 2012 fistulae
1047 1933 1125 2008 „die
1152 1932 1362 1995 vorhaudencu

85 2048 247 2114 Riiirren“.
1186 2043 1189 2047 ⁴

165 2165 226 2228 tue
243 2162 305 2244 fist.
326 2160 503 2241 manebunt)
532 2159 636 2242 quales
658 2179 734 2223 nune
756 2165 844 2239 sunt,
866 2180 920 2222 seu
943 2162 985 2223 ito
1006 2162 1048 2224 uti
1071 2181 1149 2225 nunc
1171 2167 1261 2244 sunt,
1283 2164 1363 2225 uido-

83 2282 156 2344 iicct
177 2297 236 2343 non
259 2278 389 2338 directae
410 2278 448 2338 ud
469 2277 632 2355 rationem,
654 2281 825 2339 seruantur.
866 2276 1005 2341 Halmii.

700 2481 753 2540 39.

165 2635 214 2696 iio
240 2628 402 2692 rationibus
433 2628 463 2688 in
495 2624 578 2688 Artt.
604 2628 758 2688 eui-od
790 2625 874 2686 initis
900 2643 1006 2706 quum,
1036 2644 1114 2707 quae
1142 2624 1237 2687 dicam
1265 2624 1361 2687 meiius

84 2769 170 2834 quam
196 2746 266 2809 Poi.
296 2748 327 2805 ct
355 2743 450 2819 Sem,
481 2760 541 2803 non
570 2739 713 2817 habeam,
743 2740 830 2800 inumo
858 2758 895 2801 ne
923 2743 980 2802 nurci
1010 2741 1113 2802 iudicii
1142 2742 1264 2822 quidem
1291 2742 1359 2815 siut;

84 2866 217 2928 lectores
244 2860 280 2921 ad
308 2859 412 2919 horum
440 2859 571 2918 uirorum
595 2857 748 2917 doctorum
771 2857 1034 2934 interpretationes
1058 2861 1258 2936 econvertere,
1285 2874 1358 2939 quau

86 2981 166 3043 dieta
187 2981 299 3040 temere
321 2990 503 3055 recoquere,
526 2971 620 3033 satius
644 2973 730 3033 duxi.
772 2971 908 3034 Frontini
931 2971 1024 3045 uerba
1045 2972 1181 3054 equidem
1203 2974 1242 3034 ad
1266 2968 1359 3034 Poieui

84 3092 225 3159 editionis
247 3090 333 3153 idem
354 3087 523 3150 recudenda
540 3087 654 3150 curaui.

702 3291 750 3349 64.

165 3445 347 3524 praeeunte)
376 3438 496 3499 adiutus
516 3436 709 3497 auctoritate.
752 3435 891 3501 iliilNii.

165 3559 197 3617 iu
218 3558 375 3627 uniuerso)
406 3551 475 3615 Ari.
493 3553 552 3613 ai:
575 3569 688 3614 umnec.

166 3672 197 3731 in
219 3666 448 3740 distributione)
481 3668 512 3728 in
534 3667 734 3746 erogatione,
756 3670 787 3731 et
808 3671 894 3752 quesi
917 3671 946 3732 in
969 3685 1126 3750 expens03
1149 3670 1269 3731 ductum
1290 3687 1308 3731 a
1326 3667 1362 3727 ii-

84 3786 148 3850 iris
174 3785 338 3861 rationum,
371 3785 402 3844 in
429 3781 538 3864 quibus
565 3781 689 3844 aiterum
718 3787 808 3864 caput
835 3788 883 3846 est
908 3790 1047 3867 accepti,
1078 3785 1203 3846 aiterum
1233 3785 1362 3869 exposui.

85 3900 220 3982 Cumque
242 3898 385 3962 translate
408 3900 440 3958 ct
461 3899 622 3978 improprie
644 3898 703 3961 hoe
724 3901 835 3963 dictum
853 3903 910 3979 sit,
933 3906 1016 3962 recte
1032 3901 1083 3961 iric
1099 3919 1218 3983 quoque
1235 3900 1364 3963 adiecis-

84 4020 133 4080 set
151 4023 187 4080 att
205 4018 250 4077 ita
272 4014 388 4090 dicam,
410 4014 491 4094 quod
512 4014 589 4076 inire
610 4016 693 4078 iacit.
726 4013 867 4080 ceterum
888 4018 927 4077 de
950 4016 1054 4077 verbis
1076 4020 1106 4078 in
1127 4027 1260 4100 accepto
1281 4015 1364 4078 veiim

83 4131 217 4209 nitendi,
238 4147 315 4214 quae
331 4127 410 4191 iuaud
427 4130 554 4191 obscure
571 4131 745 4210 significare
761 4136 908 4210 possunt,
930 4133 1027 4213 quaiis
1051 4133 1365 4211 „commentariorum

82 4245 258 4317 mendi
278 4245 493 4327 ordinandique
514 4246 591 4306 ratio
614 4247 718 4307 tuerit.
750 4243 800 4310 ot.
816 4247 884 4310 nrt.
896 4251 953 4312 69:
976 4252 1008 4309 in
1023 4253 1176 4330 acceptis.
1208 4246 1366 4311 Commen-

170 4372 225 4431 fl!
249 4378 323 4443 pers
349 4359 480 4440 duplex,
526 4366 554 4423 1.
582 4364 723 4442 concepti
755 4344 933 4433 (comment.
963 4364 1193 4444 conceptionis,
1221 4368 1367 4445 concepta
