2888 4710
408 187 480 267 DE
514 187 705 281 AOUAE
737 187 1020 269 DUCTIBUS.
1283 199 1354 276 131

73 429 218 523 rivos„
252 448 432 523 specus,
465 423 679 518 formose,
713 423 918 520 listulaS,
950 424 1145 519 tubul0S,
1181 451 1256 501 ca-

73 546 226 634 stella,
259 541 383 614 lacus
403 561 614 637 ¹aquarum
639 537 928 638 publicarum,
961 564 1069 639 quae
1094 539 1146 613 ad
1171 543 1256 625 Ur-=

71 663 172 739 bem
202 659 432 749 ducuntur,
466 661 619 732 sciens
650 654 749 729 dolo
781 644 891 731 malo
918 655 1148 754 sonaverit,
1182 685 1257 736 ru.

118 976 171 1056 qun·
192 969 288 1052 elom}
311 970 392 1034 Sch:
416 974 467 1055 qni
488 973 608 1034 domno.
630 971 752 1049 ductos,
777 970 899 1051 opinor,
921 972 1065 1052 vestigiis
1087 973 1130 1053 C,
1153 977 1181 1038 in
1198 996 1256 1058 quo

74 1074 199 1135 videtur
219 1072 353 1153 quidum.
387 1071 449 1133 Sed
471 1072 502 1132 in
518 1078 655 1151 pronrptu
672 1076 742 1132 sunt
757 1071 806 1132 alii
824 1071 899 1151 loci,
922 1072 1030 1154 quibus
1046 1073 1126 1136 clam
1142 1081 1173 1138 ct
1189 1076 1259 1140 dom

75 1178 199 1235 motem.

120 1266 304 1354 aedificare)
327 1269 434 1347 Lego:
451 1270 663 1350 reaedificare,
680 1288 837 1351 reponere.
858 1270 950 1334 scil.
972 1269 1078 1349 Lego:
1100 1292 1258 1355 reponere,

77 1374 227 1454 cereoque
248 1370 422 1450 aedificare.
444 1390 476 1432 v.
487 1369 575 1431 inlrc.
596 1366 734 1431 lllllNR.
755 1369 823 1430 Non
845 1388 922 1449 opus
941 1373 988 1431 est
1004 1375 1190 1435 correctione
1206 1395 1259 1437 re-

75 1472 260 1554 aedificare,
280 1487 377 1550 neque
398 1467 467 1543 laic,
489 1485 584 1548 neque
606 1467 674 1528 loco
697 1468 765 1530 liv.
782 1467 821 1531 V.
838 1473 888 1532 53.
910 1468 961 1530 ubi
982 1489 1013 1531 v.
1030 1469 1182 1535 Dralrenln
1264 1521 1267 1525 ,

120 1571 237 1641 celere)
260 1565 364 1630 conv
386 1566 425 1628 et
438 1566 486 1627 cd.
508 1586 554 1645 pr.
576 1566 647 1626 item
668 1565 804 1629 Brissoo.
842 1566 877 1629 ln
899 1569 968 1630 edd.
989 1585 1050 1629 rec.
1073 1569 1185 1647 legitur
1205 1593 1261 1635 ce-

78 1673 156 1734 lere.
201 1667 316 1729 Laudat
335 1663 496 1728 Forcellin.
519 1666 549 1725 ln
570 1686 603 1725 v.

121 1769 282 1838 demolire)
318 1769 379 1826 tres
405 1765 509 1838 colel,
540 1765 634 1824 l'orora
661 1766 776 1842 activa,
808 1766 845 1827 de
872 1785 929 1847 qum
954 1767 993 1827 cf.
1022 1768 1117 1846 inira,
1145 1770 1197 1831 ubl
1223 1772 1260 1833 de

78 1871 186 1933 molire
212 1867 337 1941 agiorus.
379 1864 497 1925 Fnlcirc
523 1862 600 1924 hanc
624 1865 743 1923 sormam
765 1862 869 1924 verbis
889 1864 970 1943 legis
990 1871 1143 1930 maceriae
1161 1902 1204 1912 ·-
1223 1891 1263 1933 ne

78 1969 294 2032 demolirentur
314 1963 439 2024 altirnrnt
460 1963 545 2040 eut,
569 1981 662 2044 eaque
684 1963 806 2041 passive
827 1965 1010 2043 pronuntiari
1031 1969 1133 2047 pulatq
1155 1968 1262 2052 deque

79 2069 223 2149 opinione
245 2064 316 2144 quid
337 2064 377 2124 sit
398 2063 600 2137 statuendum,
623 2080 677 2123 suo
699 2060 767 2123 loco
790 2062 969 2124 ridebimus,
1001 2063 1115 2128 Laudat
1135 2067 1262 2130 Forcel-

77 2168 131 2231 lin.
153 2166 236 2239 inv.
278 2163 363 2224 nnn:
386 2162 535 2224 demoliri.
557 2176 631 2242 quas
652 2164 774 2221 secutus
797 2164 846 2222 cst
866 2159 941 2223 Sclr.

120 2275 212 2349 etque
233 2268 332 2325 omnia
353 2265 429 2334 etc.)
458 2261 487 2321 V
509 2266 540 2321 et
562 2260 636 2321 edd:
662 2270 753 2340 utque
774 2262 819 2320 ita
841 2266 957 2324 omnino
980 2269 1022 2324 ot.

119 2372 187 2438 ert,
209 2359 296 2444 erit]
321 2364 346 2424 B
369 2365 401 2422 et
421 2359 459 2420 al.
481 2376 548 2423 rec:
571 2369 619 2420 est
638 2359 689 2419 ecl
709 2363 778 2420 erit.

120 2473 177 2526 eut
196 2459 246 2543 el]
269 2463 333 2522 Aut
355 2462 384 2521 in
407 2458 542 2519 omnibus
562 2457 647 2518 libris
670 2457 775 2539 deest3
796 2457 867 2520 illud
888 2463 960 2539 post
978 2462 1114 2527 Brisson.
1130 2469 1262 2528 certatim

76 2565 240 2625 restituere
261 2561 320 2621 viri
343 2559 442 2634 docti,
471 2557 671 2635 respicientes
691 2555 789 2618 locum
812 2559 887 2618 inlrn
908 2578 972 2640 seq.
994 2559 1188 2629 simillimum:
1211 2575 1288 2627 auur<

74 2668 109 2725 si
129 2663 260 2724 corum
280 2679 339 2720 aon
359 2662 428 2718 erit.
464 2655 498 2717 ln
520 2654 547 2717 U
566 2674 585 2716 a
604 2653 700 2715 verbo
721 2659 780 2716 erit
799 2653 935 2717 librarius
957 2658 1105 2721 transiluit
1125 2663 1163 2722 ad
1184 2663 1263 2725 alte-

75 2783 142 2825 rurn
164 2763 235 2835 erit,
258 2759 415 2838 emisitque
436 2754 533 2815 media
554 2764 610 2815 out
626 2756 656 2814 si
678 2754 808 2814 Curatur
829 2774 975 2837 aquarum
994 2776 1079 2820 nemo
1100 2765 1167 2824 erit.

120 2860 214 2922 melta
235 2861 313 2930 etc.)
335 2857 418 2917 Libri
440 2871 543 2915 omnes
563 2852 697 2913 multem.
730 2851 802 2917 Sch.
814 2851 912 2932 legit:
933 2856 1056 2917 multem
1077 2854 1187 2939 dicito,
1207 2867 1262 2942 pi-

75 2977 179 3042 pnora
200 2959 316 3039 capito.
343 2954 451 3016 Adhuc
473 2950 632 3029 legebatur
652 2955 801 3032 coercito,
823 2954 902 3034 quod
924 2956 1068 3015 neminem
1090 2962 1261 3022 correxisse

75 3059 179 3119 nlror.
206 3053 257 3118 Cl.
277 3054 405 3115 Annotl.

120 3157 263 3218 Praetori
283 3161 334 3227 eo]
363 3150 389 3215 G
408 3150 450 3212 U:
470 3155 628 3233 praetorio
652 3170 698 3212 eo.

121 3250 273 3336 eoqendr'}
307 3252 392 3315 not:
420 3268 532 3330 cupere
559 3261 591 3312 et
616 3270 759 3312 coercere
782 3251 924 3315 mnlctcc.
966 3250 1056 3314 Uv:
1084 3272 1195 3333 capere
1221 3256 1261 3318 de

77 3353 272 3418 cohercenda
292 3352 385 3412 multn
407 3348 541 3411 dicende
562 3359 634 3410 erunt
650 3354 789 3430 pipnorr‘s
812 3371 883 3435 cup.
911 3349 1072 3430 Correptio
1095 3355 1260 3432 escriptu.

76 3472 130 3517 roc
150 3451 325 3531 compendio
348 3449 519 3526 negligenti
543 3453 574 3511 et
594 3469 686 3527 prave
709 3469 726 3509 a
746 3449 875 3511 librariis
897 3448 1050 3511 intellecto
1073 3454 1149 3512 orta.
1188 3454 1260 3516 Sci-

77 3552 152 3615 licet
178 3550 388 3614 luculleo:
417 3539 496 3628 copes
531 3549 569 3609 lre
595 3549 768 3610 coercenda
793 3549 887 3610 molta
912 3548 1044 3610 dicende
1064 3561 1135 3612 sunt
1151 3557 1260 3633 plqn.,·

77 3653 109 3711 io
132 3669 190 3731 quo
214 3639 284 3731 cofu'.
307 3649 343 3709 le
371 3646 446 3728 (pro
470 3642 566 3727 cepe?
586 3647 639 3723 le,
663 3651 682 3711 i.
700 3667 728 3708 e.
752 3667 860 3728 cepere
880 3648 939 3722 le)
968 3651 1105 3709 exaratur
1125 3670 1180 3730 pro
1204 3673 1260 3717 eo-

76 3747 156 3830 pelre
181 3749 203 3808 i.
226 3767 254 3809 e.
280 3748 424 3825 eopenle.
468 3747 605 3825 t'openlue
630 3752 726 3807 autem
757 3752 804 3808 est
832 3745 967 3826 eoqende
993 3742 1125 3825 (littoris
1144 3749 1164 3810 lr
1186 3759 1217 3812 et
1240 3752 1261 3813 d

77 3850 272 3929 permoleste,
301 3852 332 3906 ut
352 3846 423 3906 alibi
447 3865 498 3905 cas
520 3846 695 3905 invertendo
720 3866 738 3927 q
761 3848 792 3905 et
810 3865 849 3926 p,
875 3863 1036 3927 rursusque
1058 3845 1106 3907 his
1128 3848 1205 3911 inter
1226 3870 1260 3912 se

77 3947 248 4023 omnibus),
272 3952 303 4007 ct
324 3945 440 4023 syllaba
462 3944 514 4017 de,
536 3963 620 4022 quam
642 3943 786 4004 vilelicet
807 3961 876 4004 esse
897 3945 1147 4023 praepositionem
1170 3957 1260 4028 puta-

75 4046 169 4122 bant,
196 4032 377 4125 provocavit
402 4041 562 4103 ablativum
586 4043 758 4103 coercendo
777 4043 890 4118 multem·
917 4047 947 4105 et
968 4043 1013 4103 sic
1034 4062 1124 4122 porro
1145 4066 1260 4126 propa-

76 4148 153 4223 gata
173 4145 281 4205 sordes
302 4148 359 4208 est.
402 4144 498 4206 Recte
520 4141 616 4202 locnnr
639 4143 695 4201 ianr
718 4143 873 4202 constituit
898 4141 963 4204 Pol.
1006 4143 1045 4202 lit
1066 4146 1259 4226 nequicquam

75 4262 129 4304 res
150 4262 247 4304 noves
268 4243 386 4305 molitus
409 4246 458 4303 est
485 4240 558 4303 Scir.
581 4239 732 4317 legendo:
761 4242 906 4322 copendr',
934 4241 1112 4316 coercendi,
1138 4244 1258 4304 maltum

78 4342 208 4405 dicendi
213 4386 224 4418 ,
245 4347 327 4405 sieut
348 4347 437 4404 etiam
455 4346 588 4423 pipnorn
610 4341 755 4421 cupiendi
775 4347 834 4404 ius.

996 4439 1064 4504 9*
