2888 4710
414 190 487 273 nn
511 190 702 289 AOUAE
727 196 1008 276 necemus,

73 426 248 525 impetrati
272 422 433 502 beneficii
458 429 632 525 privates,
667 428 813 503 aiterum
839 429 884 503 ad
908 431 1065 527 ipserum
1092 430 1256 506 ductuum

73 549 224 641 pertinet
255 543 406 618 tutelam.
456 544 498 619 In
530 547 657 642 quibus
689 541 769 618 dum
801 545 905 619 altius
934 558 1056 645 repeto
1082 547 1185 646 leges
1211 546 1255 620 de

74 659 227 756 singuiis
253 659 422 756 perlatas,
459 661 630 758 quaedam
656 659 748 759 apud
773 672 916 735 veteres
943 661 1043 735 aliter
1068 663 1258 737 observata

73 775 211 849 iuveni:
246 775 338 874 apud
370 798 460 873 ques
492 778 604 851 omnis
636 799 725 872 aqua
756 777 791 847 in
821 798 911 849 usus
937 777 1097 874 publices
1124 803 1257 878 erega-

74 890 195 984 batum
232 880 277 964 et*
298 906 436 967 cautum
468 895 516 966 ita
543 893 623 966 init:
659 916 709 964 ne
744 894 841 988 quis
874 893 1076 989 privatus
1108 917 1257 992 aquam

75 1006 201 1080 eiiam
227 1005 370 1103 ducat,
399 1028 519 1104 quam
545 1024 652 1104 quae
680 1029 731 1081 ex
756 1008 857 1082 lacu
880 1005 1043 1082 humum
1070 1009 1255 1083 accidit:

75 1120 189 1219 (haee
215 1125 304 1196 enirn
330 1136 413 1196 sunt
436 1121 547 1199 uerba
572 1126 650 1197 eius
675 1123 814 1222 legis2i
847 1123 883 1197 id
909 1135 965 1197 est
990 1148 1080 1222 quae
1107 1151 1152 1200 ex
1177 1127 1259 1199 lacu

75 1237 284 1313 abundavit:
311 1264 390 1313 eam
410 1249 477 1313 nes
497 1238 662 1314 caducam
684 1264 865 1315 vocamus
907 1240 957 1314 Et
984 1231 1070 1315 haec
1090 1242 1170 1339 ipsa
1188 1264 1258 1341 nqn

74 1354 109 1429 in
137 1353 239 1429 alium
265 1379 387 1451 usum,
416 1377 518 1452 quam
542 1358 577 1429 in
597 1357 797 1431 balnearum
824 1368 859 1431 et
884 1356 1124 1431 iudenicarum
1145 1356 1257 1430 dabe-

73 1482 133 1543 tur
140 1497 151 1563 3
177 1481 321 1567 eratque
346 1473 552 1568 vectigalis,
581 1484 708 1546 statuta
733 1471 915 1565 mercede,
945 1495 1034 1568 quae
1059 1475 1094 1545 in
1116 1472 1257 1571 publice

72 1583 353 1684 impenderetur:
381 1587 512 1684 aliquid
537 1599 571 1660 et
596 1588 775 1663 indamus
801 1589 993 1687 principum
1020 1591 1170 1663 civitatis
1191 1587 1258 1662 da·

72 1701 194 1798 batur,
222 1703 494 1777 concedentibus
514 1703 667 1801 reliquis.

78 1915 315 1942 uuum—.—

116 2071 350 2157 apuquece)
371 2071 439 2134 Neu
461 2069 615 2134 toleranda
636 2072 795 2136 uidebatur
815 2072 957 2135 librorum
979 2073 1071 2136 lectio
1093 2073 1182 2156 apud
1201 2091 1261 2143 an-

72 2177 196 2258 tiques,
226 2192 291 2235 cnm
319 2174 430 2254 ubique
458 2176 564 2234 nester
589 2191 626 2234 ec
654 2173 683 2234 iu
710 2191 825 2249 genere
852 2183 972 2235 celeres
997 2177 1082 2236 recte
1101 2164 1200 2254 dicut,
1228 2176 1261 2235 ct

74 2272 164 2356 apud
184 2283 303 2335 ceterea
323 2271 501 2353 praecedat:
524 2290 615 2353 quare
638 2274 759 2333 correxi
780 2271 867 2355 apud
887 2293 974 2356 quea.

118 2366 468 2453 emnia—crepacem)
490 2370 544 2433 Sic
565 2389 606 2433 ex
627 2371 767 2433 Jetree.
788 2369 855 2434 Pel.
878 2369 974 2435 codd.
998 2376 1029 2433 et
1048 2372 1090 2435 F:
1114 2388 1260 2435 em·-

75 2482 233 2554 eropum.

119 2581 151 2635 et
173 2576 307 2645 caetum)
332 2567 412 2631 'l'res
434 2570 523 2632 cedd.
553 2572 586 2631 et
612 2568 652 2631 F:
679 2590 718 2631 ea
740 2577 822 2633 caet.
842 2570 862 2631 J
883 2574 915 2632 et
934 2586 1001 2632 rec:
1029 2571 1155 2654 lepeqee
1176 2578 1259 2634 caut.

76 2671 146 2736 Pei.
175 2671 343 2732 emendavit
369 2678 421 2747 εἰς
452 2665 577 2732 Cerrad.
604 2674 636 2731 et
664 2667 737 2731 Scir.
760 2689 813 2745 en,
841 2668 911 2730 ie.
933 2672 1015 2732 idea.
1058 2670 1148 2732 Immo
1170 2670 1260 2732 etiem

76 2770 149 2835 nra
170 2776 210 2831 ne
236 2768 330 2831 verita
355 2776 385 2830 et
411 2768 528 2853 quidem
549 2772 595 2830 ita
622 2770 653 2831 in
675 2762 701 2830 C
722 2768 921 2848 depravantur
949 2771 978 2829 in
1006 2789 1045 2832 ea
1065 2768 1184 2852 quidem
1204 2772 1260 2845 ita,

54 2870 242 2950 -eudemque
262 2866 412 2930 vocabula
434 2870 588 2943 (et—ea)
609 2873 810 2948 permutantur
831 2868 968 2931 Artioti
990 2874 1021 2930 et
1041 2868 1122 2931 aiibi.
1150 2864 1191 2929 nt
1212 2870 1263 2928 ta-

77 2985 147 3031 men
173 2970 284 3044 dicum,
313 2968 393 3050 qued
420 2970 537 3032 sentio:
567 2973 661 3030 tetum
690 2968 787 3030 lacurn
810 2986 827 3028 a
848 2967 950 3029 verbis
978 2966 1016 3028 In
1037 2967 1145 3050 quidus
1166 2967 1261 3044 lenge

78 3068 166 3131 eiiam
194 3070 300 3129 faciem
328 3086 400 3147 praa
428 3088 462 3130 se
484 3068 590 3130 tulisse
612 3068 733 3146 opiner,
762 3072 851 3149 utque
872 3087 927 3146 per
948 3068 1092 3130 Peienum
1115 3068 1144 3127 iu
1165 3065 1261 3128 iucem

79 3169 162 3232 edita
183 3171 248 3248 est3
270 3186 353 3250 quam
371 3169 477 3229 taciem
492 3173 525 3229 ut
539 3170 773 3247 investigarem,
796 3165 894 3228 adirnc
908 3168 1101 3251 nequicquam
1118 3166 1261 3228 laboravi.

121 3286 159 3329 nc
180 3269 263 3350 quis)
284 3265 332 3329 V:
353 3275 388 3328 et
407 3287 446 3328 ue
467 3288 495 3351 q.

121 3384 231 3449 aquam
251 3366 361 3438 aliurn)
391 3366 444 3428 Sic
470 3366 613 3445 rescripsi
642 3384 682 3426 ex
707 3365 822 3445 Paris,
852 3385 916 3428 enm
943 3367 1036 3427 ceteri
1065 3364 1133 3425 iibri
1160 3378 1263 3425 amnes

78 3467 222 3546 Ignorem
242 3485 363 3548 aquam.
402 3465 550 3528 Graevius
572 3467 601 3526 iu
622 3456 753 3530 Praeiat.
774 3468 811 3527 ad
832 3465 871 3527 Τ.
887 3466 942 3528 lv.
963 3463 1058 3529 Thes.
1079 3464 1153 3527 Ant.
1175 3461 1262 3526 Rem.

79 3567 176 3644 legit:
198 3567 331 3649 aliquam
353 3564 450 3626 ducat
470 3585 578 3649 aquam
600 3584 688 3648 quae.
727 3564 801 3628 Scir.
823 3566 872 3627 edi
893 3564 1034 3626 volebat:
1056 3582 1166 3646 aquam
1188 3565 1263 3633 (em.

79 3667 193 3740 aliem)
216 3664 321 3727 decan

122 3764 260 3845 accidit)
297 3763 435 3843 Egregia
470 3764 637 3826 emendatio
674 3762 823 3827 Schultnii
856 3767 922 3838 est,
965 3779 1048 3844 quam
1076 3760 1265 3842 amplectitur

80 3864 188 3927 Heiur.
214 3863 297 3925 Libri
318 3864 451 3926 aceedit.
480 3862 528 3926 Ci.
545 3865 672 3925 Annuit

124 3963 221 4026 cerda
240 3967 306 4025 eiua
326 3962 421 4042 lepte)
443 3960 469 4025 G
490 3961 533 4026 U:
555 3963 650 4025 cerda
671 3972 702 4025 ct
722 3962 815 4045 depes.
853 3960 920 4024 VJ
942 3963 973 4022 et
991 3976 1060 4022 ree:
1082 3961 1176 4023 cerda
1196 3972 1266 4024 seat

83 4067 152 4126 eiua
172 4062 259 4142 lepis.
304 4060 387 4123 Unde
408 4081 510 4124 verum
533 4064 650 4142 iudice,
678 4065 756 4144 qued
781 4063 874 4124 edidi.
903 4060 1059 4124 Videlicet
1084 4064 1114 4123 iu
1137 4059 1163 4123 C
1186 4059 1266 4123 Uet

86 4167 255 4240 corruptum
277 4165 325 4225 est
346 4179 387 4222 ex
408 4167 453 4239 et,
474 4164 496 4223 i.
512 4183 540 4227 e.
562 4167 621 4239 οῖ’,
644 4166 665 4227 i.
680 4181 709 4223 e.
732 4164 798 4223 eina
818 4163 874 4233 (ci.
897 4162 934 4222 ad
954 4161 1024 4222 Art.
1040 4158 1116 4241 73),
1140 4180 1180 4222 ex
1202 4179 1260 4242 quc

86 4281 174 4345 quum
196 4262 306 4322 iactum
328 4267 413 4324 esset
434 4273 479 4344 et,
502 4265 675 4324 necessario
698 4264 775 4346 lepis
795 4260 910 4326 transiit
930 4261 960 4320 in
982 4259 1076 4339 tapes.

118 4355 229 4441 „canani
250 4358 281 4421 V
293 4360 333 4424 i':
354 4379 457 4444 caque.
