2888 4710
373 220 446 300 ult
465 220 656 317 AQUAE
681 221 964 303 nocemus,

73 455 147 531 diis
174 480 216 532 ac
239 456 477 555 voluptatibus
502 458 633 532 nostris
660 457 852 531 contulisse
865 480 951 531 sese
965 455 1154 553 credentis
1170 456 1265 555 quod

72 588 210 649 tantam
237 575 374 674 copiam
399 572 536 667 adiecit,
564 574 631 647 nisi
659 599 736 647 eam
761 574 873 672 ipsam
893 572 1122 648 sinceriorem
1136 574 1263 648 iucun-

76 688 285 787 dioremque
311 689 443 764 iaciat?
495 687 639 787 Operae
665 694 814 786 pretium
840 698 907 785 est,
942 690 994 764 ire
1018 714 1083 788 per
1107 691 1260 789 singula,

77 830 146 904 per
171 818 261 903 quae
284 805 343 880 iile
370 803 586 880 occurrendo
612 807 709 878 vitiis
744 803 958 901 quarundam
989 807 1168 879 universis
1196 805 1263 881 ad-

77 922 167 996 iecit
192 922 380 996 utilitatem.
430 920 571 994 Etenim
599 920 735 1018 quando
763 922 886 994 civitas
913 933 1052 1017 nostra,
1089 945 1167 995 cum
1206 922 1264 996 vel

80 1039 203 1136 exigui
229 1039 359 1111 imbres
385 1049 674 1134 supervenerant,
702 1063 770 1110 non
798 1038 1015 1111 turbulentas
1049 1037 1266 1135 limosasque

81 1178 195 1251 aquas
220 1154 364 1228 babuit?
414 1154 496 1228 Nec
523 1153 602 1250 quia
629 1151 695 1227 boo
721 1154 900 1227 universis
927 1153 969 1227 ab
998 1154 1134 1251 origine
1159 1165 1265 1228 natu-

82 1296 144 1345 rae
169 1284 237 1364 est,
265 1282 325 1345 aut
349 1271 428 1367 quia
454 1269 548 1343 istud
574 1268 827 1343 incommodum
856 1270 986 1343 sentire
1013 1269 1162 1343 debeant
1184 1280 1268 1367 quot

83 1387 267 1483 capiuntur
293 1411 338 1459 en
364 1385 537 1476 tontibus3
572 1391 607 1458 in
641 1389 766 1482 primis
790 1386 927 1459 Marcia
955 1398 991 1458 et
1016 1383 1189 1471 Claudia,
1224 1410 1268 1460 ac

82 1503 251 1598 reliquae,
280 1524 424 1598 quarum
450 1499 628 1598 splendor,
656 1526 676 1574 a
703 1501 817 1599 capite
842 1501 990 1599 integer,
1018 1499 1103 1574 nihil·
1122 1512 1181 1575 aut
1197 1502 1266 1574 mi-

77 1754 335 1791 ‘m

123 1883 331 1970 quaeadm]
352 1885 422 1949 scil.
439 1902 589 1967 aquarum.
610 1881 787 1945 Emendatio
811 1886 862 1945 cst
883 1881 957 1945 Sch.
981 1889 1012 1947 et
1031 1882 1137 1945 lietur.
1158 1882 1260 1946 Antea

81 1987 281 2069 mmm

124 2085 261 2160 adiecit)
282 2084 313 2147 V
332 2085 373 2149 F:
394 2083 533 2147 adducit.

124 2185 247 2269 quoodo
270 2188 349 2258 civ.)
386 2186 424 2247 F:
452 2203 530 2267 puae
551 2185 611 2246 cto.
632 2191 760 2244 nostra:
779 2181 832 2244 cel
851 2199 939 2264 quom
959 2201 1008 2245 ca.
1029 2178 1178 2261 demirer.
1221 2179 1265 2243 V:

81 2293 193 2347 metra
213 2284 275 2346 oei.
296 2304 347 2347 eu.
367 2282 463 2362 dprnb.
484 2284 509 2345 B
531 2285 563 2343 et
584 2282 622 2343 ab
639 2295 707 2344 rec:
727 2281 781 2343 ccl
794 2301 870 2343 erun.

124 2383 247 2447 toa-
267 2388 414 2456 nutorae)
434 2382 517 2444 Fort.
544 2381 802 2444 daec—natura.
839 2379 972 2442 Sensus:
995 2398 1055 2443 uon
1074 2377 1135 2443 boc
1165 2378 1269 2442 naturai

84 2481 225 2544 omnibus
246 2482 375 2544 insitum.
397 2480 536 2543 111111111.
570 2480 613 2545 02
634 2479 714 2541 boec
733 2488 855 2540 mura.
877 2479 940 2540 Sed
961 2477 1004 2543 U:
1025 2479 1104 2541 boec
1122 2487 1264 2542 naturae.

84 2585 120 2643 et
138 2581 234 2644 ceren
257 2581 325 2643 iibri
347 2595 467 2643 omncs:
488 2580 548 2643 doc
569 2612 609 2623 -
625 2587 765 2641 naturae.
807 2576 897 2663 Quod
918 2576 1030 2639 rectius
1052 2577 1196 2638 iudicavi.
1233 2575 1268 2638 ld

83 2686 185 2742 umen
204 2679 419 2743 dubitationem
442 2681 548 2756 movit,
570 2679 650 2760 quod
673 2677 704 2738 ln
726 2675 752 2740 (1
774 2674 853 2737 baud
875 2675 1003 2738 obscure
1025 2675 1183 2737 scribitur:
1206 2696 1268 2736 na-

83 2765 210 2855 turae,
231 2780 253 2841 i.
274 2797 303 2840 c.
324 2783 428 2839 natine
449 2782 515 2854 est3
554 2777 636 2858 quod
657 2776 788 2838 tortasse
810 2778 956 2854 ceperunt
975 2792 1031 2853 pro
1052 2784 1195 2851 naturae,
1216 2774 1267 2836 iu-

84 2881 186 2961 deque
207 2880 238 2940 tn
258 2878 397 2958 praeced.
419 2879 568 2938 mutarunt
587 2875 656 2940 boc.
678 2874 764 2937 VF:
785 2873 825 2936 ab
846 2877 963 2955 criptae
982 2891 1044 2935 non
1066 2882 1124 2935 est.

128 2977 260 3040 deum
279 2983 368 3059 quot)
409 2974 476 3036 Pol.
498 2979 530 3036 et
549 2974 752 3054 posteriores:
784 2991 871 3055 punc.
912 2971 958 3034 At
984 2988 1058 3033 vero
1085 2971 1105 3033 J
1137 2975 1167 3034 et
1194 2987 1264 3035 rec:

84 3077 181 3160 qnod
224 3073 267 3139 U:
288 3074 399 3137 debera
425 3074 517 3156 pund.
539 3073 666 3154 denique
688 3071 714 3135 C
735 3071 766 3134 V
787 3071 827 3135 F:
864 3070 974 3132 debeat
995 3078 1077 3153 prot.
1113 3071 1265 3132 Attendas

84 3192 208 3259 premor,
229 3170 303 3235 mc
324 3172 503 3234 vocabulum
525 3183 598 3255 quot
618 3172 738 3232 exarari
758 3188 814 3250 per
834 3169 1040 3250 compendium
1062 3189 1081 3252 p
1108 3170 1268 3231 subnotata

84 3276 170 3338 linco
190 3272 389 3346 circumflexe,
412 3271 460 3331 bio
477 3275 508 3332 ct
528 3273 596 3333 Art.
619 3275 659 3332 28
682 3274 730 3342 (et
747 3288 805 3351 per
825 3278 898 3354 prot
919 3273 1016 3343 caat.)
1046 3273 1078 3330 et
1105 3268 1174 3330 Art.
1209 3272 1268 3328 too

85 3375 179 3457 (quot
199 3370 345 3452 babent„
368 3370 445 3451 qnod
467 3371 673 3450 compendium
694 3369 768 3430 alibi
788 3368 942 3445 significat
962 3365 1044 3451 prod
1066 3368 1123 3439 (cf.
1140 3366 1177 3427 ad
1197 3366 1268 3428 Art.

88 3474 158 3546 tt).
186 3471 247 3558 Qui
268 3467 344 3530 iilud
364 3488 419 3548 pro
441 3467 523 3552 qnod
545 3467 715 3548 capiebant,
736 3467 910 3529 necessario
932 3465 1084 3528 mutabant
1105 3465 1193 3526 etiam
1211 3464 1268 3527 dc-

48 3632 54 3641 ,
88 3568 182 3648 καις
202 3573 290 3650 atque
310 3568 413 3646 miror,
436 3567 522 3629 etiam
545 3571 709 3649 capiuntur
729 3583 788 3627 uon
811 3565 933 3626 eandem
955 3566 1065 3625 sortem
1088 3562 1206 3626 tuilsse.

128 3666 209 3731 nihil
228 3672 284 3729 aet
301 3669 387 3741 mie.)
430 3666 459 3728 V
479 3666 518 3728 F:
539 3669 601 3728 nisi
620 3675 675 3728 aut
694 3669 812 3727 nimium
830 3664 941 3747 pluuia
961 3664 1142 3744 inquinatus.
1164 3665 1197 3724 et
1217 3667 1268 3724 io-

88 3770 232 3853 pea‘nataa
250 3763 364 3828 lmbcut
382 3766 471 3827 ctiam
495 3764 520 3829 C
542 3763 580 3826 11.
676 3816 682 3827 .

127 3874 226 3949 pstea
238 3869 336 3938 eret.)
358 3863 462 3941 Lege:
483 3869 585 3946 puteis
607 3867 772 3926 exstructis
794 3861 942 3925 obtectae.
963 3859 1075 3923 Fontes
1097 3862 1180 3923 dicit.
1197 3862 1268 3922 Art.

93 3969 151 4028 ta:
172 3966 473 4045 contectiepiocinio.
494 3962 638 4026 Schneid.
659 3963 824 4024 adVitruv.
846 3965 867 4021 8
887 3980 919 4040 p.
944 3962 1006 4022 142
1026 3963 1105 4024 extr.
1125 3958 1267 4021 Hunno.

89 4063 212 4141 Lectio,
233 4080 317 4145 quam
338 4062 484 4143 dedimus,
506 4064 626 4139 integro
645 4064 766 4123 servata
787 4064 836 4121 cst
855 4059 885 4121 iu
907 4056 933 4122 G
956 4057 1068 4138 U(nisl
1089 4058 1169 4139 qnod
1192 4059 1221 4119 in
1244 4055 1271 4118 U

91 4163 182 4225 deest
199 4163 261 4242 ct),
297 4159 373 4223 Cum
389 4160 500 4224 ceteris
520 4159 605 4222 libris
626 4158 700 4229 Pol:
725 4163 813 4240 putei
833 4161 983 4221 exstracti
1004 4165 1035 4217 et
1051 4156 1172 4219 obiecti.
1196 4155 1275 4219 Sch:

89 4261 336 4343 condempnata
359 4263 525 4323 exstructis
545 4269 577 4324 et
596 4258 732 4321 obiectis.
753 4258 850 4322 Etiam
870 4264 990 4340 putenm
1004 4260 1127 4317 veteres
1141 4254 1268 4316 Romani

1017 4351 1089 4421 οἱ

1310 222 1359 303 83
