2888 4710
430 196 503 275 Du
528 197 719 291 Aoutn
744 195 1026 277 DUC'PIBUS.
1299 194 1371 272 111

79 425 179 509 Nam
210 456 363 507 necesse
395 444 451 507 est
475 458 522 507 ex
547 432 704 506 castellis
732 431 882 530 aliquam
907 443 1041 530 partem
1066 454 1179 527 aquae
1204 430 1260 504 ei-

79 548 211 640 duere3
250 573 330 623 cum
363 549 430 623 boc
461 553 632 646 pertineat
664 572 732 622 non
766 549 882 621 solum
912 546 957 621 ad
982 548 1093 626 Urbis
1119 558 1261 622 nostrae

78 665 340 760 salubritatem,
377 664 442 738 sed
474 669 578 739 etiam
607 663 653 738 ad
682 664 862 737 utilitatem
888 663 1087 737 cloacarum
1111 663 1259 738 abluen-

80 780 216 855 darum.

154 896 363 996 Explicitis,
391 919 482 992 quae
501 896 547 971 ad
567 895 815 971 ordinationem
837 919 1003 992 aquarum
1024 900 1151 992 privati
1169 920 1260 968 usus
1285 892 1361 969 112

79 1014 318 1111 pertinebant,
346 1038 414 1086 nrm
441 1013 484 1087 ab
510 1037 550 1088 re
575 1026 652 1106 est,
680 1011 849 1109 quaedam
876 1037 923 1085 ex
947 1013 1009 1107 iis,
1038 1012 1163 1107 quibus
1190 1014 1262 1085 cir-

79 1131 271 1203 cumscribi
296 1130 545 1203 saluberrimas
572 1129 837 1202 constitutiones
862 1129 896 1200 in
921 1127 999 1224 ipso
1026 1140 1106 1200 actu
1132 1127 1262 1225 depre-

79 1244 285 1342 bendimns,
312 1244 465 1343 exempli
490 1268 599 1318 cansa
626 1245 808 1342 attingere.
858 1243 1064 1341 Ampliores
1091 1243 1263 1340 quosnam

79 1361 230 1455 calices,
258 1384 361 1457 quam
386 1362 557 1458 impetrati
582 1372 696 1455 erant,
723 1361 861 1458 positos
879 1360 914 1433 in
933 1360 1109 1456 plerisque
1129 1360 1261 1433 castel·
1331 1346 1352 1366 ⁸

80 1475 123 1549 lis
156 1478 291 1571 inveni,
327 1487 361 1550 et
393 1477 507 1550 exiis
533 1475 669 1572 aliquos
695 1499 739 1550 ne
765 1475 1104 1579 signatosquidem.
1157 1472 1262 1566 Ouo-

80 1593 172 1665 tiens
208 1608 322 1666 autem
353 1594 516 1690 signatus
547 1592 640 1666 calix
668 1591 809 1666 excedit
832 1580 1024 1690 legitimam
1049 1615 1260 1684 mensuram,

81 1709 221 1783 ambitio
248 1709 515 1805 ProcuratoriS,
550 1713 715 1804 quicum
742 1709 914 1807 signavit,
948 1706 1142 1804 detegitur:
1184 1732 1262 1781 cum

80 1850 167 1896 nero
200 1848 245 1897 ne
277 1825 440 1921 signatus
472 1823 611 1921 quidem
642 1836 716 1919 est,
753 1824 937 1898 manifesta
969 1826 1070 1922 culpa
1098 1826 1260 1915 omnium,

78 1942 230 2014 maxime
256 1941 477 2038 accipientis,
505 1938 791 2039 deprehenditur,
819 1939 944 2015 deinde
969 1941 1074 2013 vilici.
1113 1939 1155 2013 ln
1182 1945 1262 2036 qui·
1311 1946 1316 1955 '

75 2054 245 2149 busdam,
280 2080 360 2130 cum
392 2057 523 2130 calices
554 2057 732 2155 legitimae
758 2081 944 2131 mensurae
971 2058 1101 2153 signati
1128 2066 1260 2149 essent,

72 2175 194 2245 statim
228 2168 407 2271 amplioris
440 2171 572 2246 moduli
602 2152 756 2246 fistulae·
773 2174 954 2247 subiectae
980 2174 1136 2247 suerunt:
1170 2171 1263 2245 unde

72 2288 274 2385 acciderat,
309 2300 349 2363 ut
375 2311 482 2384 aqua,
517 2311 587 2362 non
611 2282 675 2386 per
700 2289 893 2388 legitimum
919 2291 1067 2387 spatium
1096 2288 1260 2377 coercita,

68 2405 144 2480 sed
179 2429 244 2502 per
275 2406 407 2481 breves
440 2405 626 2503 angustias
657 2429 850 2503 expressa,
887 2407 991 2480 facile
1023 2406 1194 2478 laxiorem
1227 2405 1261 2475 in

75 2522 238 2621 proximo
265 2520 418 2595 fistulam
442 2520 613 2619 impleret.
651 2520 809 2619 Ideoque
834 2520 919 2595 illud
944 2520 1073 2617 adhuc,
1102 2520 1263 2617 quotiens

74 2640 240 2736 signatur
277 2639 389 2732 calix,
430 2637 630 2736 diligentiae.
669 2635 898 2712 adiiciendum
937 2649 1012 2733 est,
1051 2648 1089 2710 ut
1125 2635 1263 2709 fistulae

75 2780 219 2852 quoque
256 2759 438 2852 proximae
475 2779 539 2851 per
576 2756 743 2852 spatium,
783 2752 878 2851 quod
910 2752 1070 2833 Senatus
1103 2751 1263 2826 consulto

74 3072 172 3133 scribi
192 3068 363 3153 naporum
384 3091 462 3155 puae
482 3072 527 3135 ud
546 3071 766 3137 ordinationem
786 3091 931 3156 apuam
951 3070 1167 3134 cantoriam
1187 3085 1265 3131 coa-

74 3177 248 3236 alitationes
269 3175 328 3236 eto.

114 3279 186 3356 ipro
207 3276 297 3362 octe)
318 3272 358 3334 Fr
379 3279 484 3339 auctu.
504 3271 524 3333 J
544 3278 577 3336 el
596 3289 665 3336 rec:
687 3278 757 3356 ipso
778 3278 825 3336 rei
844 3282 929 3336 actu.

115 3378 230 3449 inveni,
252 3376 396 3444 etesiis)
419 3370 462 3435 C:
483 3375 734 3451 invenienccilr.
757 3370 799 3437 U:
820 3376 952 3437 inveniet
973 3370 1084 3434 exbr‘e.
1106 3367 1174 3431 scil.
1188 3386 1264 3432 con-

75 3476 143 3535 tuse
164 3489 238 3553 pro:
260 3474 370 3550 inveni,
391 3480 422 3533 ee
443 3493 483 3535 ea
503 3477 553 3537 iia.
575 3473 664 3561 Quod
684 3492 771 3557 quum
793 3492 852 3535 non
865 3471 1081 3549 intelligerent,
1104 3467 1205 3530 deleto
1223 3477 1262 3545 et,

74 3575 262 3652 seripserunt
282 3575 393 3648 inueni,
415 3592 455 3634 ea
476 3575 525 3649 iis,
547 3577 580 3634 ut
601 3572 833 3652 deprehenditur
853 3573 885 3634 iu
905 3570 995 3650 VF3
1017 3569 1046 3629 lu
1067 3567 1175 3651 qulbus
1191 3584 1265 3648 per-

74 3673 174 3748 gitur:
198 3691 238 3732 ex
260 3674 301 3733 ils
321 3670 380 3732 alii
401 3690 486 3754 poor.
929 3682 933 3687 '

113 3771 297 3849 manifesto)
318 3770 408 3848 llgoz
429 3770 602 3852 manifesto.
624 3770 761 3836 111thst
863 3790 866 3795 ·

112 3870 294 3945 occiderat)
317 3867 361 3933 G:
382 3868 576 3932 acciderunt.
597 3904 639 3914 -
660 3873 813 3943 cocrcdc)
835 3866 862 3930 U
884 3869 928 3932 Vt
951 3868 1123 3958 caterona,

116 3965 243 4048 breues]
278 3969 358 4031 'l’rcs
378 3968 467 4031 codd.
490 3972 522 4031 et
542 3968 583 4033 F:
606 3968 719 4034 brecia-
747 3969 825 4032 lldd.
843 3984 911 4032 rec:
941 3969 1038 4032 lecca
1067 3967 1147 4053 quod
1176 3987 1265 4051 quum

74 4070 163 4130 ctiam
186 4068 336 4132 Fabrltlus
355 4068 440 4131 Num.
462 4073 523 4131 235
544 4070 573 4132 ln
594 4088 650 4131 sua
671 4070 719 4132 cd.
740 4067 883 4148 legisset,
906 4070 943 4130 dc
965 4087 1021 4130 suo
1045 4067 1178 4132 correxit
1194 4065 1265 4128 lm-

73 4188 138 4243 res,
160 4173 193 4230 ut
214 4172 262 4230 eal
283 4170 315 4229 ln
334 4169 363 4232 J.

113 4272 291 4347 proximae)
313 4266 356 4330 U:
376 4284 556 4350 proxumae.
577 4267 633 4331 aed
654 4267 732 4329 idem
755 4285 845 4346 snpra
863 4272 1013 4351 pronam.

112 4372 330 4442 excusatione)
353 4364 397 4431 C:
420 4398 459 4410 -
481 4384 556 4428 aem.
