2888 4710
517 212 920 292 unonutn’rs

176 455 355 547 quinariae
378 447 507 525 lilCII.
532 470 563 520 s.
587 448 674 520 intra
698 447 831 523 Urbem
850 445 1095 519 dividebantur
1111 468 1177 541 per
1192 443 1346 542 regiones

177 563 300 658 LIII,
323 564 391 659 IV,
414 563 464 660 V,
483 562 552 657 VI,
571 562 659 657 VII,
678 563 785 657 VIII,
811 563 880 658 lx,
908 561 997 649 xil,
1020 560 1121 636 XIV
1153 562 1189 632 in
1214 559 1347 634 castella

178 678 353 758 XXXV:
381 678 577 775 exquibus
603 681 742 753 nurnine
767 677 940 754 Caesaris
963 677 1141 773 quinariae
1166 674 1257 765 LX,
1283 676 1349 747 usi·

178 796 247 872 bus
264 797 412 894 priraIIs
429 795 607 891 quinariae
618 792 852 887 CCCCXC,
875 793 1022 890 publicis
1037 792 1217 889 quinariae
1231 789 1349 865 DLII:

180 934 227 986 ux
250 936 294 986 eo
320 912 447 984 castris
471 910 489 982 I
514 911 690 1005 quinariae
714 910 761 1003 L,
788 911 958 1007 operibus
982 908 1131 1006 publicis
1150 906 1254 980 XIX
1284 911 1353 1002 qui·

180 1025 299 1101 uariae
321 1024 478 1122 CXCV,
504 1025 707 1098 muneribus
732 1025 790 1098 IX
817 1026 992 1121 quinariae
1006 1020 1283 1115 LXXXVIII,
1308 1021 1354 1094 la·

181 1142 283 1218 itibus
306 1140 441 1218 XCIV
466 1140 642 1237 quinariae
668 1140 886 1218 CCXVIII.

108 1256 157 1332 81
256 1258 415 1332 Marciae
442 1256 678 1353 erogabantur
712 1272 810 1330 extra
840 1257 974 1333 I'rbem
1013 1261 1152 1329 noruine
1191 1251 1357 1330 Caesaris
1403 1248 1405 1255 ’

185 1373 361 1471 quinariae
381 1369 595 1465 CCLXIX,
619 1374 766 1470 privatis
787 1372 1008 1446 DLXVIII.
1046 1370 1226 1466 Reliquae
1244 1369 1360 1465 quina·

183 1489 301 1565 nuriae
325 1486 540 1565 IlIXCVIII
566 1494 654 1562 intra
679 1489 813 1565 Urbem
839 1487 1082 1561 dividebantur
1110 1510 1176 1584 per
1197 1488 1361 1581 regiones

184 1603 216 1700 I,
239 1603 308 1700 III,
335 1605 403 1698 IV,
429 1603 479 1695 V,
506 1602 575 1698 VI,
601 1602 689 1699 VII,
715 1605 822 1699 VIII,
853 1604 922 1699 IX,
949 1605 1000 1697 X,
1027 1603 1127 1677 XIV
1161 1607 1197 1674 in
1226 1598 1361 1673 castella
1398 1680 1402 1689 Ι

183 1717 259 1795 LI:
299 1742 346 1793 ex
371 1718 500 1814 quihus
525 1726 663 1794 nomine
687 1718 861 1796 Caesaris
890 1724 1070 1815 quinariae
1096 1715 1256 1811 CXVI,
1297 1720 1362 1812 pri·

185 1839 281 1908 vaila
333 1839 511 1929 quinariae
559 1834 746 1929 DXLIII,
804 1837 929 1908 usibus
979 1835 1130 1931 publicis
1190 1835 1363 1928 quinariae

188 1947 526 2048 CCCCXXXIX,
555 1957 684 2024 eastris
705 1952 762 2026 IV
780 1957 960 2049 quinariae
974 1949 1081 2035 XLI,
1113 1948 1287 2045 operibus
1303 1968 1360 2043 pu·

187 2063 292 2141 blicis
318 2066 395 2141 XV
412 2071 591 2163 quinariae
607 2066 720 2164 XLI,
747 2068 950 2140 muneribus
972 2066 1045 2138 XII
1067 2067 1254 2163 quinariae
1272 2059 1361 2153 CIV,

189 2179 326 2256 lacibus
352 2178 485 2256 CXIII
510 2187 690 2279 quinariae
720 2180 896 2259 CCLIII.

115 2294 168 2368 82
264 2294 426 2394 Tepulae
466 2297 702 2395 erogabantur
731 2314 830 2372 extra
862 2298 995 2374 Urbem
1029 2300 1169 2368 nomine
1199 2293 1364 2371 Caesaris

190 2415 370 2511 quinariae
411 2410 558 2503 LVIII,
602 2419 748 2512 privatis
794 2413 895 2487 LVI.
958 2413 1133 2509 Reliquae
1194 2414 1365 2508 quinariae

100 2574 331 2596 Q

232 2674 352 2758 nuti)
376 2675 422 2741 Ita
442 2679 509 2742 Pol.
532 2680 558 2744 C
580 2680 623 2743 U:
645 2681 743 2744 DIII.
765 2681 784 2741 J
807 2688 838 2742 et
858 2693 927 2742 rec:
950 2677 1069 2740 CLIII.

233 2775 403 2860 marrini)
428 2776 454 2838 U
474 2777 504 2841 V
524 2779 565 2845 F:
589 2785 701 2842 costus
722 2785 802 2842 otas.
824 2787 890 2841 orta
913 2777 1081 2856 corruptela
1097 2795 1138 2838 ex
1156 2777 1306 2856 scriptura
1320 2792 1370 2835 nu-

188 2875 265 2940 meri
284 2881 363 2955 unis,
386 2878 416 2938 in
437 2875 463 2940 C
482 2880 675 2958 negligenter
696 2880 849 2959 expressi.

235 2972 371 3051 CXCV)
387 2975 460 3038 Son.
474 2996 538 3038 curn
552 2977 577 3041 C
592 2976 619 3038 U
633 2979 653 3038 J
674 2986 705 3039 et
726 2992 794 3039 reo:
819 2976 959 3040 CXCVI.

129 3091 161 3144 81
233 3077 368 3156 priuatis
389 3074 584 3156 nexum}
612 3078 696 3139 liaeo
717 3081 810 3140 verba
832 3076 905 3138 Sub.
929 3094 992 3136 cunr
1014 3073 1101 3135 libris
1124 3073 1237 3134 orsisii.
1267 3071 1371 3134 Resil-

197 3171 255 3236 iuit
274 3171 342 3236 Pol.
384 3172 464 3235 iden
487 3178 640 3256 sequenIIs
660 3178 771 3238 cursen·
792 3182 897 3238 auctor
919 3179 977 3251 ost,
999 3192 1054 3254 pro
1077 3190 1135 3253 quo
1157 3171 1227 3232 iibri
1248 3169 1374 3231 haben:

190 3269 477 3336 MCCCCLXXII.

241 3368 297 3449 VI,
323 3370 403 3450 VII)
426 3369 453 3433 U
472 3391 531 3434 om.
552 3371 599 3437 VI
621 3377 652 3436 ei
672 3373 727 3438 tx.
769 3376 798 3438 V
822 3394 880 3434 orn.
903 3373 941 3434 X.
964 3373 1042 3432 uuo.
1062 3390 1123 3432 orn.
1146 3369 1204 3431 VII
1228 3372 1260 3431 et
1280 3368 1327 3429 X.

237 3467 406 3552 DXLIII)
428 3471 467 3534 r=
482 3471 643 3538 DLXIII.
666 3474 829 3556 Sequentia
845 3473 949 3536 usibus
959 3472 1042 3554 pubi.
1058 3491 1106 3554 qu.
1123 3464 1382 3531 ccccxxxix

199 3564 304 3630 Poieni
326 3576 404 3650 suut,
426 3576 529 3652 spreta
549 3590 567 3634 a
589 3573 673 3635 libris
694 3578 727 3637 ci
747 3573 823 3636 Sub.

239 3664 339 3743 XLI)
360 3670 389 3732 V
407 3676 439 3733 ei
459 3673 533 3736 edd:
554 3672 663 3737 XLII.
684 3705 726 3716 -
746 3672 907 3756 operibus)
931 3670 976 3735 C:
998 3676 1025 3732 is
1047 3668 1197 3750 operibus.

241 3763 340 3840 XLI)
364 3767 406 3834 C:
427 3769 494 3833 XL.
527 3770 616 3835 VI:
636 3771 738 3834 XLII.
760 3771 838 3835 Seu:
860 3767 1026 3835 ccccxl.
1077 3839 1079 3843 .

241 3864 372 3945 CXIII)
394 3865 422 3928 U
441 3871 461 3930 I
482 3873 514 3932 et
534 3884 608 3934 reu:
630 3868 746 3935 cxlv.

245 3962 393 4042 CCLIII)
415 3967 498 4031 Libri
521 3976 656 4049 (praeter
678 3969 746 4054 Cir
771 3969 911 4034 CCLVI.

136 4080 170 4134 82
244 4066 423 4146 quinariae)
444 4085 484 4130 ex
506 4067 532 4132 C
552 4069 685 4133 restituit
705 4069 778 4134 Suh.

244 4161 338 4240 LVI)
361 4185 416 4246 pro
438 4185 498 4250 quo
520 4166 551 4229 V
570 4167 613 4228 I:
635 4167 687 4232 iti.

246 4260 444 4347 CCXLVII)
486 4261 534 4328 ita
553 4264 623 4333 Pol.
645 4264 671 4331 G
693 4267 738 4336 Ur
781 4264 997 4334 CCXXXVII.
1021 4263 1093 4328 Soli.
1116 4280 1181 4324 uum
1203 4262 1290 4349 Ver
1312 4262 1389 4324 edd:
