2888 4710
420 200 491 275 DE
517 197 706 292 AQUAu
732 199 1012 282 DUO'FIBUS.
1280 201 1355 278 103

155 430 280 519 Quod
323 435 366 522 Q.
403 432 572 508 Aelius
617 390 1038 528 'PubernJl'aulus
1082 436 1257 510 Fabius
1282 433 1356 508 104

79 540 308 621 Maximus
341 547 475 626 Coss.
519 549 569 623 V.
601 551 645 623 F.
679 550 729 624 de
760 576 936 624 numere
970 551 1257 649 publicorum

78 659 360 761 salientium,
394 667 465 762 qui
492 671 532 739 in
557 666 680 744 Urbe
706 681 865 742 essent
890 673 1099 767 intraque
1126 665 1257 742 aedi·

86 861 322 887 --.......,..

121 978 214 1069 Quod
243 981 303 1073 Q.)
338 982 425 1062 primi
455 999 495 1044 ex
522 984 644 1061 ingenio
673 1004 728 1045 suo
757 985 917 1046 restituere
943 985 1039 1046 ltnss.
1068 987 1101 1046 et
1129 983 1256 1063 Opsep.,
1293 994 1341 1052 104

76 1095 143 1139 eum
166 1079 284 1142 alihris
306 1082 440 1142 omnihus
461 1083 550 1145 absit.
583 1082 701 1145 initiunt
718 1082 848 1144 Senatus
866 1083 996 1144 consulti
1018 1083 1085 1145 Pol.
1108 1083 1257 1148 deiectum

74 1181 195 1257 putat·
218 1179 287 1258 Ego
313 1199 388 1242 vero
411 1180 566 1265 illaqueet
594 1182 632 1272 Q.
655 1201 672 1242 a
694 1182 833 1257 librario,
863 1183 968 1243 neseio
990 1201 1048 1264 qua
1069 1186 1169 1257 sorte,
1197 1181 1256 1243 hee

75 1277 148 1339 luen
171 1283 251 1341 meta
273 1281 309 1341 ai
326 1280 410 1342 tinem
426 1281 496 1342 Art.
514 1281 719 1342 antecedentis
743 1282 987 1359 transmigrasse,
1010 1282 1110 1365 ibique
1132 1282 1162 1341 in
1180 1300 1257 1364 quo-

72 1396 137 1462 que
157 1396 228 1440 esse
250 1379 411 1459 depravata
431 1381 543 1440 iudice.
571 1379 651 1441 idern
675 1379 757 1445 Μ.
773 1382 930 1442 exordium
948 1381 1177 1444 Antonine.
1189 1385 1258 1443 108.

74 1476 129 1543 Gi.
151 1483 214 1541 not.
236 1496 300 1561 seq.

118 1577 209 1641 Cure.
235 1576 271 1640 V.
293 1579 351 1651 F.)
381 1577 426 1643 C:
454 1581 576 1642 Certent.
604 1578 639 1640 V.
661 1578 696 1638 F.
719 1598 774 1657 pre
797 1579 943 1641 Consules
967 1578 1003 1642 V.
1023 1580 1079 1650 F..
1108 1581 1141 1640 ut
1160 1597 1255 1658 repo-

73 1694 167 1738 suere
196 1677 293 1738 Briss.
320 1682 352 1740 et
378 1677 496 1758 Opsep.
538 1676 584 1740 Ur
610 1677 648 1740 P.
670 1678 787 1740 Fabius
812 1698 892 1742 man.
919 1680 952 1742 0.
979 1678 1014 1741 V.
1037 1679 1074 1741 F.
1104 1678 1256 1739 correntes.

73 1775 165 1838 VF:
187 1784 217 1838 et
237 1776 351 1840 Fabius
371 1798 451 1839 mex.
475 1777 511 1840 C.
532 1777 568 1840 V.
587 1778 625 1839 F.
642 1798 725 1840 eene.
771 1777 899 1840 Ceterae
921 1779 996 1840 edd:
1028 1787 1058 1839 et
1078 1777 1117 1840 P.
1141 1775 1257 1839 Fabius

72 1895 156 1937 mue.
180 1874 217 1939 0.
234 1875 269 1941 V.
280 1877 317 1941 F.
329 1877 480 1940 eonsules.
503 1876 588 1939 Unde
605 1878 797 1956 suspicabar:
820 1876 897 1938 Fet.
909 1877 1003 1938 Mne.
1017 1877 1105 1938 Coss.
1123 1876 1161 1966 Q.
1175 1874 1211 1937 V.
1221 1875 1258 1937 F.

74 1976 136 2039 i.e.
160 1974 241 2060 quod
260 1975 355 2039 verba
373 1978 535 2059 fecerim&
558 1982 589 2039 ut
610 1978 694 2039 initio
712 1976 842 2038 Senatus
863 1977 994 2038 consulti
1016 1976 1089 2037 illuri
1113 1973 1204 2067 Quod
1218 1975 1260 2037 sit

72 2075 268 2157 superfluum.

59 2181 69 2191 “
116 2178 212 2258 quoe)
234 2174 302 2237 seii.
324 2176 485 2254 salientes,
508 2193 565 2255 pru
587 2179 639 2253 „et
661 2175 769 2257 quns‘t
812 2174 907 2237 Miror
929 2174 1003 2236 Seh.
1025 2174 1147 2252 legere3
1169 2192 1256 2256 quae,

75 2293 122 2339 se.
145 2273 291 2336 aeditieia.

113 2371 267 2455 senneser)
290 2373 321 2436 V
342 2378 374 2437 et
394 2374 470 2435 edd:
490 2374 616 2455 seeisee.

117 2474 157 2566 Q.
174 2473 209 2536 F.
226 2474 265 2536 P.
282 2478 362 2547 ete.)
402 2473 436 2535 lu
459 2473 538 2552 VF,
560 2474 610 2554 qui
633 2471 701 2533 libri
723 2472 763 2533 de
784 2491 822 2534 ea
837 2492 872 2534 re
893 2477 938 2533 ita
960 2481 1139 2534 mereunt
1158 2469 1258 2550 plenis
1299 2476 1308 2482 '

73 2572 236 2636 vocubulis
257 2573 442 2653 exprimunt,
465 2574 645 2633 adiiciuntur
663 2571 759 2648 sigla:
782 2574 815 2634 O.
832 2573 859 2633 1.
877 2573 922 2647 C,·
950 2576 1040 2653 atque
1061 2575 1132 2649 post
1153 2571 1256 2630 eaden

72 2672 226 2734 voeabula
253 2673 282 2735 iu
304 2671 330 2733 U
352 2671 432 2750 sigla
453 2672 546 2736 haec:
574 2671 616 2732 Ε.
638 2669 678 2732 1..
702 2672 746 2733 G.
775 2671 966 2749 negligenti,
993 2671 1115 2749 opiner,
1137 2669 1256 2748 repeti-

74 2772 169 2835 tione.

113 2871 257 2954 plaeere)
279 2870 364 2933 VF:
384 2871 499 2953 pirreer.
532 2941 540 2961 ι

115 2974 286 3042 numerum)
318 2972 404 3032 abest
431 2990 449 3030 a
477 2971 564 3031 codd.
596 2969 708 3049 tribus,
739 2971 786 3032 ed.
812 2970 907 3048 prinu.
932 2972 962 3029 et
989 2967 1023 3028 F.
1065 2965 1099 3027 ln
1119 2965 1137 3026 J
1158 2967 1185 3026 B
1207 2969 1256 3030 est

73 3090 223 3133 numerus.

116 3171 262 3243 retulere)
304 3169 349 3232 ltu
370 3167 413 3246 0,
436 3189 495 3230 niun
516 3169 690 3233 retuterunt.

116 3279 165 3332 eet
185 3274 341 3352 imperat.)
383 3269 498 3331 Brisn:
520 3279 570 3331 eet
589 3269 700 3332 ciarum.

113 3369 266 3452 Itemque)
287 3369 317 3431 V
332 3369 372 3431 F:
394 3368 511 3451 itaque.
535 3389 565 3429 v.
588 3370 624 3428 ad
645 3372 714 3430 Art.
734 3374 802 3429 lul.

115 3488 194 3554 quoe
214 3470 303 3532 Caes.
324 3471 382 3542 A.)
409 3469 490 3530 nnn
513 3482 634 3528 onmes:
662 3487 736 3550 ques
757 3468 791 3530 S.
810 3469 845 3530 C.
866 3467 919 3542 (S.
936 3466 1018 3551 βω)
1041 3466 1132 3527 Caes.
1154 3464 1194 3527 A.
1220 3461 1256 3523 In

72 3587 132 3653 quo
152 3568 286 3629 muudum
298 3568 426 3630 subesse
440 3569 495 3627 inin
510 3568 718 3645 suspicabatur
734 3567 877 3628 Polenus.
906 3565 980 3625 Seh.
988 3563 1067 3641 sigla
1079 3563 1114 3627 S.
1123 3563 1157 3626 0.
1168 3563 1255 3623 unnis

72 3666 207 3744 ineiusit.
228 3666 335 3729 Recte.
358 3666 494 3727 Delenda
511 3667 614 3726 eudem
631 3666 695 3728 iure
710 3671 793 3742 sunt,
815 3684 850 3726 ae
864 3664 1012 3724 simillime
1029 3663 1098 3724 ioco
1116 3661 1185 3725 Art.
1196 3666 1255 3722 100

71 3769 104 3830 iu
125 3767 227 3827 fronte
248 3766 379 3828 Senatus
402 3764 540 3825 eerrsniti.

113 3866 262 3938 interdiu]
284 3865 369 3927 VF:
391 3863 549 3925 interdurn.
577 3862 622 3926 U:
645 3865 796 3926 interdici.

113 3965 164 4027 hie
186 3970 291 4046 temp.)
323 3963 398 4024 UV
421 3965 464 4024 B:
493 3966 541 4024 tie.
584 3964 676 4023 Bene.
721 3963 899 4049 Quanquam
927 3962 976 4022 irie
1002 3979 1120 4043 quoque
1141 3964 1254 4023 rectum

71 4068 140 4142 est,
162 4063 230 4124 seii·
252 4063 451 4142 tenrporihuS,
475 4063 511 4123 de
533 4062 640 4143 quibus
663 4061 711 4122 hie
733 4080 830 4122 sermo
853 4064 910 4122 est.

111 4161 369 4244 perducerentur)
392 4161 420 4222 V
437 4167 468 4222 et
485 4161 560 4222 edd:
581 4160 813 4242 perduceretur.

115 4279 229 4343 capere
257 4279 316 4321 non
341 4255 525 4339 videbatur)
566 4257 608 4321 C:
639 4260 792 4323 videbant.
826 4260 911 4341 quasi
943 4260 1034 4320 suerit
1060 4259 1252 4321 videbantur.

71 4359 170 4441 Atqui
192 4365 329 4439 repetas:
352 4360 456 4420 medus
479 4379 537 4420 nen
559 4360 726 4420 videbatur.
770 4359 843 4422 Seh.
867 4358 921 4422 111.
944 4364 980 4419 4:
1000 4362 1070 4441 peti
1090 4376 1151 4419 non
1166 4355 1236 4435 eid.
