2888 4710
72 217 146 294 116
504 208 914 302 nno'anmuS

167 453 420 551 pertinentium.
470 455 527 530 Ea
560 464 721 530 constant
754 480 800 529 ex
832 454 941 530 hortis
975 452 1213 549 aedificiisve,
1252 476 1330 552 quae

165 581 246 641 sunt
283 573 377 645 eirea
414 570 540 645 duetus
579 584 638 645 aut
675 571 819 645 castella
858 583 918 644 aut
953 595 1096 644 munera
1135 580 1197 644 aut
1232 568 1331 643 loeus.

62 742 286 767 *η-

165 834 282 898 litterae
310 856 329 897 u
356 836 490 915 uestigia
515 841 625 900 tantum
653 834 788 901 deletura
809 856 911 899 manus
933 837 1107 920 reliquerit,
1136 840 1170 898 et
1195 835 1333 897 litterae

163 936 281 997 litterae
302 957 330 996 m
352 937 581 1015 superimposita
609 938 659 998 sit.
704 936 887 1000 consideres
911 935 1015 1011 velim,
1045 935 1134 997 simili
1167 939 1252 998 sorte
1271 935 1331 997 Art

163 1037 179 1094 i
203 1034 354 1096 commodo
377 1036 507 1114 periisse
530 1034 788 1116 curmontium
811 1035 974 1098 commodis
995 1056 1025 1096 u.
1047 1034 1177 1097 Annott.

201 1138 398 1206 exoneratur)
419 1134 612 1196 Keuohenius
633 1135 740 1215 prohat
760 1143 923 1214 eroqatur,
951 1135 1030 1215 quod
1056 1134 1087 1195 in
1109 1133 1179 1196 aliis
1199 1133 1285 1197 libris
1303 1151 1333 1194 se

161 1234 317 1294 invenisse
340 1236 479 1309 testatur,
501 1233 644 1316 offertque
665 1235 758 1297 verba
779 1234 912 1295 Frontini
939 1233 969 1294 in
991 1232 1048 1295 fine
1078 1232 1169 1294 huius
1189 1231 1259 1295 Art
1279 1251 1332 1313 po-

160 1335 235 1395 sita:
257 1332 337 1394 unde
358 1351 460 1394 omnes
480 1335 635 1415 impensae
655 1343 836 1414 ereduntur:
857 1333 935 1394 unde
957 1335 1097 1412 apparet,
1124 1346 1193 1392 eum
1212 1350 1333 1412 moyere

159 1450 267 1511 cepere
288 1449 342 1510 pro
368 1431 550 1508 ,‚solvere.“
584 1431 648 1495 Sed
669 1452 755 1514 quum
778 1433 808 1492 in
830 1432 904 1491 meis
926 1431 1010 1492 libris
1033 1430 1114 1492 nulla
1135 1432 1177 1492 stt
1197 1428 1333 1492 lectionis

164 1533 302 1605 umietas,
325 1533 384 1590 tum
406 1533 530 1610 uterque
553 1529 639 1591 loeus
661 1530 738 1591 inter
759 1547 793 1590 se
816 1531 955 1591 diversus
978 1533 1034 1590 est

198 1638 338 1691 constent
357 1649 396 1689 ex
416 1630 495 1690 tort.
517 1628 630 1709 aedis.)
655 1626 696 1690 C:
719 1638 841 1690 constet
857 1630 979 1691 cnolle.
999 1627 1174 1708 disfioiieve.
1197 1628 1241 1693 U:
1263 1649 1332 1691 eou-

156 1739 220 1789 stat
240 1727 470 1792 eroliedieisoe.
507 1727 551 1791 V:
575 1736 696 1789 constet
716 1727 797 1789 exoli
818 1727 927 1789 edieis.
969 1729 1096 1791 ieet
1116 1730 1165 1792 ed.
1186 1744 1242 1808 pr:
1264 1747 1333 1791 eoe-

155 1838 219 1889 stot
240 1847 278 1888 es
299 1827 431 1888 olivetis.
464 1827 483 1888 J
504 1831 535 1889 et
555 1839 624 1888 reo:
648 1835 770 1889 constat
789 1823 845 1905 (ul.
863 1836 1017 1903 constant)
1042 1832 1169 1890 exortis
1190 1827 1249 1899 (al.
1265 1829 1333 1890 dor-

155 1930 212 1997 tu's)
243 1925 442 2005 aedificiis-ve.
464 1926 592 1988 Constat
610 1944 665 2005 pro
689 1911 819 1987 constet.
862 1927 905 1987 Ea
931 1927 1097 2003 vectigalia
1124 1929 1272 1989 constant
1297 1945 1333 1988 ex

156 2029 213 2087 ete.
256 2025 352 2085 Etiam
376 2025 415 2087 de
435 2024 625 2104 aedificiisoe
645 2042 705 2086 non
727 2030 775 2087 est
797 2025 1003 2104 dubitandum3
1033 2033 1064 2087 ut
1088 2030 1250 2108 quaeratur
1271 2030 1331 2087 tan-

154 2129 213 2187 tum
235 2125 273 2186 de
295 2123 389 2184 altero
413 2119 573 2202 vocabulo,
596 2124 676 2204 quod
698 2123 743 2183 illi
764 2125 975 2202 praecesserit.
1018 2122 1084 2185 Pol.
1108 2123 1245 2186 lacunam
1265 2122 1331 2185 reli-

153 2225 227 2305 quit.
272 2222 401 2301 „Loea“
425 2223 630 2285 desiderantur
652 2223 714 2299 „ad
735 2222 869 2299 vectigal
892 2222 1097 2300 pertinentie“
1129 2232 1219 2304 (quae
1241 2224 1330 2303 ipsius

154 2322 289 2383 Frontini
310 2323 403 2383 verba
423 2321 502 2381 infra
523 2319 709 2402 sequuntur).
753 2321 847 2408 Quum
881 2321 1022 2382 librorum
1050 2326 1214 2383 monstrum
1244 2322 1330 2383 omnis

154 2422 221 2500 spei
243 2422 283 2480 nit
305 2439 429 2481 vaenum
453 2421 588 2492 (olivetis
609 2417 705 2480 fictum
728 2438 769 2480 ex
792 2420 946 2497 oledieis),
968 2419 1237 2484 trememtem
1254 2438 1328 2482 oon-

154 2523 351 2581 memorentur
370 2523 470 2594 vites,
491 2518 627 2594 ardores,
650 2519 752 2598 villae,
777 2519 937 2599 aedificio,
960 2520 996 2579 ad
1019 2536 1112 2601 aquae
1136 2519 1245 2580 ductus
1263 2522 1343 2599 per-'

152 2618 278 2681 tinentia
300 2619 414 2694 omnia3
436 2621 486 2678 eut
508 2635 548 2676 ex
571 2619 630 2678 isto
654 2616 723 2678 loeo
746 2619 776 2678 in
798 2625 934 2696 promptu
957 2622 1090 2679 osteum
1113 2614 1241 2680 Corrad.
1262 2616 1327 2680 Set.

153 2726 183 2779 et
203 2717 309 2778 lleinr.
332 2719 491 2778 restituere
515 2736 554 2777 ee·
574 2716 659 2778 villis
689 2719 759 2788 t-
780 2720 813 2777 ut
841 2715 914 2778 vilia
942 2716 1096 2794 significet
1124 2717 1243 2777 domum
1269 2732 1327 2777 oum

151 2819 267 2878 adiecto
290 2816 381 2876 fundo
404 2815 454 2876 vei
476 2813 594 2893 horto),
617 2818 667 2878 aui
688 2835 729 2877 ex
749 2814 769 2876 J
789 2814 955 2877 extortis.
994 2814 1105 2877 Verum
1128 2834 1217 2897 quum
1238 2814 1328 2877 Fron·

152 2918 231 2976 tinus
261 2916 438 2994 saepissime
470 2914 623 2976 hortorum
653 2932 747 2996 aquae
777 2914 916 2976 ductibus
930 2914 1133 2985 ,adiacentium
1156 2914 1328 2976 mentionem

140 3016 257 3090 -leoiat,
285 3012 345 3074 hoe
375 3013 602 3092 praeferendum
625 3014 709 3074 duxi.
753 3013 941 3091 detortis,
964 3010 1124 3094 inquibus
1147 3017 1233 3074 erant
1252 3013 1327 3073 vites

151 3120 181 3175 et
223 3114 366 3192 arbores,
409 3111 512 3191 viliis,
554 3111 701 3174 aedificiis
737 3114 933 3195 maceriiuque
965 3111 1117 3173 inclusae:
1155 3109 1193 3173 de
1226 3109 1328 3193 quilius

148 3212 217 3274 Art.
243 3215 311 3275 129.

188 3321 307 3373 sestert.
331 3309 400 3373 doe.
424 3329 471 3393 qu.
493 3310 569 3382 mil.)
599 3309 646 3372 lta
666 3308 692 3373 C
714 3314 744 3373 et
765 3309 803 3386 U,
825 3311 895 3374 item
916 3308 984 3371 Pol.
1017 3307 1051 3371 ln
1073 3308 1103 3369 V
1125 3310 1157 3369 et
1177 3307 1248 3369 edd.
1270 3309 1329 3368 est:

147 3416 316 3472 sestertium
338 3409 419 3471 CCL
440 3410 574 3471 nlilitum.
597 3408 678 3471 Son:
699 3414 833 3474 sestertii
852 3408 941 3475 0.οΒ
961 3408 1097 3485 millium,
1120 3410 1329 3486 „tolmone

146 3507 354 3571 Sestertien“.

187 3605 367 3686 alienatum}
411 3602 504 3668 GU:
526 3607 676 3671 attentem.
716 3608 766 3669 Ex
788 3628 850 3690 quo
872 3605 997 3668 Corrad.
1024 3604 1098 3666 feeit
1118 3604 1182 3665 olio
1205 3612 1329 3681 euntem,

147 3705 214 3765 Pol.
237 3705 408 3767 atterentem.
450 3702 480 3765 V
502 3710 533 3767 et
555 3707 631 3768 edd:
654 3707 824 3771 salientem.
846 3707 894 3768 eui
915 3706 999 3766 iavet
1021 3701 1093 3766 Soli.
1114 3722 1147 3763 v.
1169 3702 1300 3764 Annott.

149 3883 172 3895 ³
188 3809 380 3877 conversum)
403 3800 445 3865 G:
465 3783 616 3884 doersum,
638 3807 659 3869 i.
682 3824 710 3867 e.
736 3825 924 3867 conversum.
945 3805 994 3865 Ex
1017 3821 1075 3884 quo
1098 3803 1128 3862 in
1151 3798 1178 3862 U
1201 3802 1329 3865 foetum:

145 3923 319 3979 eversum,
347 3904 370 3962 i.
393 3920 420 3963 e.
443 3913 491 3965 est
509 3924 636 3967 uersum.
673 3905 793 3968 Deinde
816 3905 846 3965 in
866 3903 896 3964 V
919 3907 950 3964 et
971 3902 1040 3965 edu.
1062 3901 1182 3963 transiit
1201 3920 1330 3976 versum,

148 4002 261 4063 omisso
290 4011 345 4063 est.

193 4105 362 4173 constaret)
384 4099 466 4162 Libri
489 4112 672 4164 constarent.

193 4195 319 4280 occipit)
342 4198 371 4260 V
392 4201 432 4261 F:
454 4206 586 4280 aceepit:

193 4302 367 4378 cremantur)
409 4299 450 4360 t:
486 4301 695 4381 cremabantur.
725 4305 757 4363 ut
785 4302 815 4360 in
846 4299 915 4361 aliis
947 4316 1065 4382 quoque
1097 4297 1184 4360 libris
1215 4298 1332 4361 inuenit

152 4396 308 4461 Kouehen.
