2888 4710
85 179 161 257 ssli
503 181 946 261 ANNOnAnJONInS.

86 419 122 477 ml
151 417 360 496 impedimenta
388 416 439 479 illa
465 419 572 478 omnia.
600 449 643 460 —-
668 414 741 481 sih.
763 415 834 479 Vll.
857 421 895 480 21
924 416 1075 479 uocabula
1102 421 1195 502 ripae
1215 423 1358 482 macerino

86 535 208 595 mutavit
230 534 259 594 in
280 539 385 596 siccae
404 531 569 594 materiae!
1152 520 1155 525 ¹

166 654 268 731 otique
288 657 372 711 recte
390 650 507 730 saetam
527 668 596 711 esse
616 648 736 722 volent)
757 650 928 728 Frontinus,
950 651 1054 712 verbis
1075 651 1229 712 tollantur
1250 685 1289 695 -
1307 671 1357 713 aa·

86 765 263 827 codieentnr
283 765 341 826 olio
361 764 524 842 singularia
545 769 576 826 et
596 766 633 826 ad
650 765 873 846 impedimenta,
896 784 1017 847 quorum
1039 785 1132 846 supra
1148 768 1292 846 exposita
1309 786 1356 828 so-

85 883 145 941 ries
166 883 227 959 est,
257 881 422 961 spectantia
443 881 596 943 adstruere
617 881 791 961 fastidiens,
817 883 935 962 pergite
966 885 1069 964 atique
1091 883 1129 954 (i.
1153 900 1184 943 e.
1208 887 1240 944 et
1260 884 1312 958 uti,
1329 888 1358 945 et

85 998 250 1078 quomodo)
279 1006 362 1059 reate
384 997 591 1078 permunient,
621 996 690 1059 soll.
713 996 877 1062 Curatores
899 1016 1055 1079 aquarum,
1077 998 1188 1080 quihus
1212 1000 1356 1075 negotium

85 1114 182 1173 datum
205 1116 287 1192 erat,
316 1117 348 1175 ut
369 1114 423 1175 illa
443 1114 651 1192 impedimenta
672 1115 856 1176 removenda
878 1116 1025 1176 curarent.
1069 1110 1213 1175 Ceterum
1236 1117 1277 1175 oi.
1299 1114 1354 1192 leg.

83 1227 195 1290 illamil.
218 1247 267 1308 ap.
290 1228 384 1293 Goes.
405 1249 436 1309 p.
453 1233 531 1291 339:
557 1204 649 1312 nique
667 1238 751 1293 reate
768 1231 888 1311 fastam
908 1249 978 1291 esse
996 1229 1083 1291 oeti-
1124 1229 1265 1292 Formula
1285 1231 1354 1292 seri-

83 1344 207 1406 lrelrntor
227 1345 336 1407 litteris
357 1348 466 1407 tantum
487 1345 661 1407 initialibus.

163 1481 302 1557 pipnoris
323 1482 430 1559 capio)
454 1477 527 1540 Solu.
549 1477 632 1540 Vlll.
659 1481 718 1539 10.a

164 1614 231 1670 sine
248 1610 361 1690 fraude
382 1611 457 1689 suo)
478 1631 509 1672 u.
532 1612 568 1672 ad
589 1614 659 1674 Art.
673 1616 739 1675 loo.
764 1608 813 1674 Ci.
835 1610 929 1673 verba
950 1609 1033 1688 legis
1054 1628 1102 1690 ap.
1125 1609 1222 1673 (loos.
1242 1614 1354 1690 pilo:

82 1728 146 1787 sine
167 1747 225 1789 saa
244 1726 360 1808 fraude
381 1728 469 1790 liceto
489 1729 606 1808 socero.

163 1878 201 1919 ne
222 1857 452 1936 demolirentur)
493 1859 619 1921 Passive
647 1857 707 1920 hoo
728 1859 909 1938 pronuntiari
929 1857 1053 1919 affirmat
1073 1857 1141 1923 Pol.
1186 1858 1271 1946 Quae
1294 1860 1352 1938 opl-

82 1973 132 2033 nio
154 1972 183 2033 in
206 1947 324 2034 dolium
346 1977 450 2036 uocari
470 1977 581 2054 potest.
623 1975 766 2036 Nimirum
788 1976 945 2036 verissima
960 1973 1021 2036 looi
1043 1976 1183 2052 syntaxis
1206 1979 1273 2035 est:
1297 1975 1352 2036 Co-

82 2099 203 2150 ratores
220 2095 422 2172 permiserant
451 2091 595 2168 dominis,
625 2111 662 2151 ne
682 2109 737 2152 eno
759 2089 988 2170 demolirenior3
1021 2109 1106 2173 quam
1133 2093 1311 2152 sententiam
1329 2091 1350 2150 si

81 2224 136 2287 per
155 2204 311 2267 relativum
334 2207 546 2267 introducimus
569 2207 827 2288 (pruscorum),
849 2207 964 2267 minime
987 2207 1075 2269 nobis
1098 2206 1225 2268 concedi
1248 2207 1349 2287 potest,

83 2324 116 2382 ut
136 2322 229 2382 verbo
252 2323 312 2382 vim
334 2324 486 2401 passivam
509 2322 680 2400 tribuanruS,
704 2341 779 2402 quae
801 2323 889 2384 tribui
912 2331 971 2384 tum
994 2322 1106 2383 demum
1130 2322 1241 2400 debet,
1265 2323 1290 2382 si
1310 2321 1352 2381 le-

80 2439 182 2514 gimus
209 2458 287 2521 pone
316 2439 422 2500 Curat.
466 2435 603 2500 Ceterum
632 2437 800 2517 nihilest,
829 2439 909 2521 quod
930 2436 1100 2500 Frontinum
1128 2436 1283 2498 deterrere
1301 2453 1349 2516 po-

81 2556 193 2630 tuerit,
232 2555 385 2637 quominus
423 2573 513 2633 snpra
550 2557 682 2616 uteretur
718 2555 819 2615 activo
857 2554 1001 2615 demolire
1036 2557 1067 2614 et
1102 2550 1153 2615 irio
1193 2550 1347 2633 deponenti

84 2670 234 2733 demoliri.

162 2788 421 2866 roto-maclina)
443 2786 513 2851 Vid.
534 2787 670 2848 Brisson.
692 2806 725 2847 v.
747 2795 825 2846 rota.
868 2785 984 2846 Hirtius
1005 2784 1041 2846 B.
1062 2784 1157 2845 Alex.
1181 2801 1207 2844 o.
1226 2789 1261 2847 6:
1283 2785 1348 2844 rotis

79 2913 112 2966 et
139 2903 422 2967 machinationibus.
464 2902 578 2963 Plinius
599 2902 639 2966 H.
659 2903 697 2965 N.
720 2905 769 2962 19.
798 2920 828 2981 p.
849 2905 930 2982 334.ἱ
951 2900 1089 2963 HlllNR.
1131 2901 1181 2962 De
1202 2910 1274 2962 rota
1292 2899 1347 2960 vil.

79 3021 201 3085 Vitruv.
222 3019 262 3081 X.
286 3027 314 3084 9.
337 3021 374 3080 de
395 3019 535 3081 machina
555 3021 634 3081 idem
655 3017 697 3082 X.
720 3022 767 3082 12.
789 3017 888 3099 ibique
909 3018 1003 3097 intpp.
1030 3015 1105 3080 Sola.
1127 3016 1269 3079 machina
1288 3015 1349 3077 rel-

79 3137 124 3199 riit
144 3134 377 3214 „llebeworlr.“

686 3337 755 3396 130.

166 3521 246 3599 sept.
269 3521 352 3599 loapi
373 3523 532 3602 [eorporis]
564 3519 584 3579 i.
607 3535 635 3579 e.
657 3516 847 3596 negligentia
868 3516 971 3594 longa.
1013 3513 1161 3596 Compara
1181 3516 1297 3596 Hygin.
1318 3516 1351 3576 le

77 3634 177 3696 Limit.
201 3632 332 3700 Constit.
362 3655 392 3715 p.
415 3639 485 3697 205.
512 3653 559 3715 ap.
586 3633 698 3698 Goes.:
724 3642 862 3696 vetustas
889 3633 973 3712 lonyi
999 3636 1153 3715 temporis.
1201 3633 1309 3695 Lucan.
1328 3631 1352 3692 l.

78 3753 137 3816 983
161 3755 302 3832 temporis
323 3756 444 3832 anquam·
465 3751 645 3814 eoncordia.

160 3885 319 3963 revocari)
364 3883 437 3946 Solr.
469 3882 773 3964 „aureolrtgewiesen
793 3872 947 3946 worden.“
990 3881 1147 3944 lieooeori
1169 3883 1353 3946 dicuntnrin

76 4001 185 4061 rectam
206 4000 303 4076 viam,
325 3999 361 4059 ad
384 3999 510 4061 oliioium
532 3999 667 4078 legitime
690 3998 886 4079 explendum,
908 3999 958 4079 qui
979 4002 1066 4059 antea
1095 3998 1217 4078 decepti
1238 4017 1257 4059 a
1276 3998 1354 4059 recto

76 4115 138 4193 via,
161 4114 197 4175 ab
221 4113 318 4175 oiiicio
342 4115 397 4175 rite
419 4114 569 4193 iaciendo,
592 4116 812 4176 aberraverant.

166 4249 317 4328 impetrati
338 4246 490 4327 beneficii)
511 4247 579 4312 Art.
596 4252 652 4309 88:
673 4247 726 4311 Illi
747 4267 876 4332 qaoque,
898 4251 950 4331 qni
969 4247 1065 4310 timidi
1085 4247 1228 4310 illicitam
1250 4264 1355 4331 apuam

76 4361 235 4439 (laeetani,
256 4367 358 4426 securi
378 4383 457 4426 nana
478 4382 517 4424 ex
538 4363 690 4444 beneficiis
708 4364 860 4445 fruuntur.
