2888 4710
496 243 906 327 FRON'I'INUS
1293 239 1347 317 ab

58 498 96 561 et
120 491 217 561 omui
241 508 377 585 genere
400 483 483 560 inita
515 492 656 557 oonstat
686 480 775 556 sibi:
815 483 982 553 eonvenit
1011 488 1048 553 et
1076 500 1157 552 oum
1191 474 1247 551 bis

57 601 226 700 modulis,
278 601 338 699 qui
381 601 417 675 in
461 598 722 676 commentariis
764 594 985 670 invictissimi
1022 604 1058 669 et
1098 593 1248 692 piissimi

56 718 242 817 Principis
278 717 386 817 positi
423 725 460 791 et
498 713 692 789 ooniirmati
728 723 821 787 sant.
872 710 965 789 Sive
1002 714 1122 805 itaque
1158 713 1248 784 ratio

58 834 141 909 sive
178 834 372 909 auotoritas
410 829 591 930 sequenda
629 839 697 926 est,
736 839 886 924 utroque
923 826 1250 901 commentariorum

57 949 194 1025 moduii
229 949 444 1046 praevalent.
494 945 574 1025 Sed
605 946 737 1043 aquarii
771 940 854 1018 oum
886 943 1094 1017 manifestae
1124 941 1250 1017 rationi

58 1068 97 1141 in
121 1066 283 1165 pluribus
308 1063 541 1159 consentiant,
580 1067 617 1136 in
650 1071 816 1159 quattuor
841 1058 992 1134 modulis
1017 1066 1249 1153 novaverant,

58 1180 279 1257 duodenaria
313 1191 351 1254 et
381 1179 559 1254 vioenoriu
592 1188 629 1252 et
651 1188 836 1253 centenum
861 1175 1035 1249 vicenum.
1084 1173 1135 1249 Et
1160 1173 1251 1247 duo-
1275 1168 1327 1246 32

61 1297 231 1373 denariae
269 1295 410 1394 quidem
447 1318 515 1371 nee
551 1317 703 1393 magnus
741 1315 839 1367 error
871 1315 938 1365 neo
969 1314 1060 1363 usus
1088 1289 1254 1385 frequens

62 1561 345 1625 commentariorum
373 1565 432 1624 tam
459 1563 576 1624 ratione
603 1580 688 1644 quam
715 1559 895 1622 auctoritate
922 1555 1099 1638 praevalent
1122 1553 1252 1616 modulis

63 1661 157 1723 aliis:
180 1666 214 1723 ot
234 1666 319 1724 reete
339 1662 463 1723 annotat
483 1660 551 1726 Poi.
573 1659 623 1725 Gi.
643 1660 771 1723 Annott.

106 1760 193 1840 earn)
216 1759 316 1823 Godd.
338 1764 370 1821 et
388 1759 424 1822 J:
447 1780 513 1823 our.
537 1761 610 1825 Carnu
631 1763 680 1823 esi
700 1757 923 1839 ‚,iioet:“etin
940 1775 1025 1839 seqq.
1038 1752 1253 1832 subintellige:

65 1861 96 1922 in
118 1863 258 1941 quottrmr
280 1864 377 1923 tamen
398 1863 477 1923 mod.

107 1958 265 2042 pluribus)
294 1961 315 2021 i.
344 1979 372 2022 e.
405 1961 568 2022 seeundum
602 1958 707 2040 piures
735 1957 884 2019 modulos.
928 1955 1078 2036 Suspicor
1103 1957 1201 2017 umen
1226 1957 1258 2015 r'a

65 2056 218 2140 pluribus,
240 2075 285 2121 so.
307 2056 447 2120 modulis.
488 2058 577 2121 POL.
598 2057 720 2119 Heium:
741 2061 774 2119 r'rr
792 2055 942 2140 plurribaa.
984 2054 1075 2117 Sub:
1104 2060 1135 2117 ia
1155 2052 1257 2135 plari-

67 2161 135 2219 rar'o.
177 2157 228 2219 Aa
250 2175 371 2218 sensum
392 2157 469 2219 bene
490 2157 521 2219 V
543 2156 753 2241 Fplarirauna.
796 2154 859 2217 Sed
886 2154 1128 2237 quemadmodum
1155 2153 1257 2234 pirari-

68 2255 126 2318 baa
144 2273 240 2335 saepo
261 2255 414 2331 signinam
440 2255 602 2336 „pluribus
620 2255 763 2336 uerbis,“
790 2256 833 2317 ito
854 2252 914 2316 boo
935 2252 1005 2314 ioco
1028 2255 1161 2315 fortasse
1182 2253 1254 2332 poni

67 2354 240 2430 eogitubom
261 2372 316 2434 pro
339 2353 500 2434 „pluribus
521 2354 688 2432 numeris,“
712 2355 732 2417 i.
755 2373 783 2414 e.
806 2353 992 2438 pierumque.

108 2450 318 2529 novaverant)
338 2452 408 2517 Art
429 2457 486 2517 34:
508 2458 888 2535 exeeptis-aovaoaruai.
929 2451 999 2517 Art.
1020 2457 1079 2514 δῖε
1112 2448 1258 2514 Μῶα-

68 2556 353 2615 tio-novaverant.
396 2551 513 2639 Quibus
534 2551 614 2614 ioois
634 2550 718 2616 iibri:
751 2555 991 2629 nominaverunt,
1018 2554 1260 2628 nominaverant,

69 2655 193 2732 praeter
214 2647 252 2727 0,
275 2652 326 2733 qui
347 2651 443 2731 primo
465 2653 497 2712 et
517 2651 651 2712 seeundo
674 2649 743 2713 iooo
764 2638 930 2727 aooaoir'at,
963 2650 982 2714 i.
1005 2668 1033 2714 e.
1061 2657 1261 2724 novaverant,

68 2751 90 2814 i.
113 2769 142 2812 o.
165 2748 278 2831 aliquid
300 2751 372 2812 nori
393 2750 634 2813 introduxerunt.
675 2750 782 2812 'l'ortio
804 2748 983 2811 autemiooo
1006 2747 1033 2812 G
1055 2748 1184 2824 integris
1205 2746 1261 2810 iit-

69 2850 148 2911 toris
168 2859 369 2913 novaverant.
456 2900 458 2905 .
484 2860 488 2869 '

112 2957 144 3009 et
165 2951 342 3022 vicenario)
371 2947 479 3010 desunt
511 2948 541 3008 in
566 2947 598 3009 V
617 2946 651 3009 Ρ.
687 2947 765 3010 Mox
797 2945 825 3008 U
854 2946 886 3008 V
914 2948 1062 3026 pergunt:
1104 2954 1261 3008 aesinam

68 3051 211 3109 siceram
231 3057 263 3109 ai
284 3046 477 3110 duodenaria
498 3047 624 3131 quidem.

114 3143 263 3228 Modra)
284 3146 303 3209 i
325 3150 356 3207 et
376 3160 458 3208 reo:
479 3145 704 3210 Duodeaarr'oa
724 3144 800 3228 (om.
822 3141 870 3225 et]
892 3144 1008 3227 puidam
1029 3142 1112 3226 paod
1132 3162 1199 3207 aaa.
1292 3159 1327 3212 32

114 3265 191 3306 saur
211 3245 311 3327 frop.)
333 3242 361 3305 U
382 3248 414 3307 et
434 3244 509 3312 Poi:
531 3265 597 3309 aaa.
640 3245 703 3308 Sed
726 3245 821 3307 aeteri
843 3244 911 3306 iibri
934 3261 1038 3306 omnes
1060 3245 1165 3315 (etiam
1187 3240 1260 3304 Sob.

71 3350 107 3405 et
127 3342 270 3418 iieinr.):
292 3342 386 3420 arua}
408 3360 465 3406 neo
486 3343 575 3406 aliter
595 3343 663 3425 ipse
683 3342 751 3406 Poi.
773 3343 870 3405 iocum
892 3343 1037 3405 describit
1057 3342 1088 3403 in
1109 3342 1207 3419 notis3
1231 3343 1265 3403 ui

74 3462 134 3505 aaa
156 3443 187 3503 in
209 3445 296 3504 textu
308 3441 415 3504 Poieui
436 3461 521 3505 error
532 3441 773 3523 typographiam
785 3460 857 3504 esse
877 3442 1025 3519 videatur,
1048 3458 1133 3521 quem
1155 3442 1264 3519 poste-

74 3543 176 3603 riores
197 3541 333 3602 editores
354 3541 541 3622 repetierunt
561 3544 594 3604 et
619 3544 837 3623 propagarunt.
880 3540 1006 3603 Sensus:
1027 3538 1163 3600 Fistuiae
1186 3537 1264 3599 duo-

74 3641 217 3704 denariae
238 3659 311 3701 usua
332 3657 392 3701 non
413 3643 462 3702 est
483 3640 636 3724 frequens.
678 3641 727 3703 De
749 3641 852 3702 eadem
874 3637 1054 3701 iiotuiaArt.
1071 3641 1128 3699 ii:
1150 3637 1187 3699 ia
1207 3658 1265 3701 aaa

74 3754 138 3798 nora
159 3748 217 3800 est.
259 3739 400 3816 Pergitur
421 3740 451 3800 in
471 3738 502 3801 J.
524 3744 556 3802 et
576 3757 655 3807 reo:
674 3739 820 3823 [reparas
839 3746 888 3800 eat
900 3737 1059 3800 diametro.
1081 3737 1162 3800 VF:
1183 3736 1264 3821 freq.

74 3855 148 3899 esra
168 3837 328 3900 diametro.

119 3940 318 4009 semunciam)
342 3936 368 3999 U
388 3937 419 4000 V
445 3935 496 3999 bio
522 3939 553 3999 et
575 3937 653 3998 inira
673 3940 848 3999 oonstanter
868 3934 1045 3998 semiuncia.
1088 3935 1151 3998 Sed
1171 3937 1267 3999 aitera

76 4035 176 4097 iorma
197 4036 285 4095 etiam
307 4035 431 4097 aiiorum
453 4037 632 4115 scriptorum
654 4035 869 4119 antiquissimis
891 4035 1045 4097 oodioibus
1066 4036 1220 4115 probetur.

122 4137 285 4215 quinariae
305 4132 435 4218 quadr.)
460 4133 666 4214 computando
686 4137 732 4196 sio
744 4136 857 4215 primus
871 4135 1004 4197 restituit
1016 4133 1094 4212 Poi,
1117 4154 1203 4218 quum
1225 4135 1267 4196 ii-

79 4232 128 4294 bri
148 4250 254 4293 omnes
265 4234 447 4313 proebeant:
469 4236 629 4316 quinariae
643 4244 673 4297 rt
690 4234 804 4296 bessem
831 4232 874 4306 (0
887 4233 931 4301 U:
960 4256 979 4296 e
999 4233 1124 4307 besem).
1153 4233 1187 4294 ln
1209 4234 1267 4293 iis-

82 4332 149 4393 dem
170 4332 326 4410 pergitur:
368 4326 510 4417 Reliquis
525 4342 635 4412 aetem,
658 4335 769 4395 omisso
782 4337 822 4410 io,
844 4334 923 4417 quod
943 4334 980 4394 do
993 4351 1050 4394 suo
1062 4330 1266 4407 addiditPoi.,

82 4431 223 4510 proxima
244 4429 344 4493 littera
364 4451 392 4495 aa
412 4433 596 4512 absorptum.
