2888 4710
75 134 152 213 232
495 136 935 217 ANNOhAnloNIdS.

77 373 171 451 prima
206 372 380 452 suffragium
415 328 531 434 ierebal
559 376 679 456 eratque
718 373 941 453 praerogativa.
983 372 1049 435 Rea
1077 374 1160 433 nota.
1205 367 1257 433 Oi.
1283 369 1353 432 (iro-

78 506 149 552 uou.
177 488 198 551 l.
227 506 253 550 o.

159 603 224 666 Pro
246 603 324 666 trihu
345 603 417 664 Son.
440 602 479 666 1..
502 602 538 665 F.
566 598 692 683 Varro.)
713 604 904 667 Ponendum:
926 604 991 666 Sex
1007 649 1015 667 .
1034 646 1043 663 .
1063 645 1100 662 ..
1123 603 1227 664 Deest
1247 618 1351 662 nomen.

78 721 153 785 Post
177 720 274 783 Varro
296 720 372 780 adde
391 723 507 802 primus
527 723 631 781 sotere.
658 739 690 781 v.
714 717 847 780 Gronov.
869 719 889 778 l.
914 739 942 782 o.
985 720 1045 808 Qui
1066 720 1183 798 primus
1204 710 1350 792 scisceret,

80 836 272 915 deligebatur
299 854 338 896 ex
366 836 442 896 trihu
465 836 679 914 praerogatiua
698 835 735 896 ah
757 853 794 896 eo
824 837 873 917 qui
895 835 995 911 legem
1016 835 1146 896 i'erehat.
1193 828 1244 895 Gr.
1266 833 1349 909 intpp.

80 949 147 1014 Cle.
176 951 353 1013 Plancianae
381 970 407 1012 e.
432 954 480 1014 ll.
513 932 650 1011 llElNR.
693 950 744 1013 Sio
772 952 858 1029 ponit
883 950 1008 1029 lleiur.‚
1037 952 1162 1011 auotore
1195 947 1350 1009 Gronovio.

79 1066 172 1131 Plena
193 1066 319 1131 fornmla
341 1070 405 1128 est:
428 1067 491 1128 Pro
515 1066 593 1128 trihu
613 1065 687 1126 Sea.
709 1065 748 1127 In.
772 1067 810 1127 F.
837 1065 935 1129 Varro
956 1071 1073 1148 primos
1093 1069 1197 1128 sciuit.
1244 1060 1290 1127 Gi.
1310 1062 1348 1123 le-

79 1201 138 1260 ges
159 1181 274 1243 'l'horia
301 1186 331 1243 et
358 1180 491 1244 Servilia
513 1200 603 1262 supra
624 1180 770 1246 laudatae,
814 1180 877 1244 Sed
907 1182 1001 1243 verba
1022 1182 1074 1243 illa
1094 1182 1124 1242 in
1148 1180 1233 1242 nullo
1255 1180 1349 1240 codiee

79 1300 286 1376 invenientem
310 1300 341 1359 et
360 1297 469 1359 abesse
490 1299 628 1377 possunt.
662 1296 736 1362 Sex.
757 1296 797 1359 1..
818 1297 854 1361 F.
875 1297 990 1374 Varro,
1011 1299 1033 1359 i.
1057 1316 1086 1359 e.
1110 1297 1230 1358 Sextus
1252 1295 1350 1373 Varro,

80 1414 163 1477 Lucil
184 1414 329 1476 Varronis
351 1413 439 1474 filius.
461 1446 502 1458 —-
522 1411 571 1473 Ex
593 1412 667 1473 trihu
689 1415 915 1492 praerogatiua,
937 1433 1022 1494 quem
1046 1417 1077 1474 ot
1099 1413 1251 1490 dignitate
1271 1428 1350 1491 prae-

79 1534 159 1593 stare
182 1534 213 1592 et
233 1530 384 1606 rogationi
406 1547 478 1589 suae
499 1533 619 1608 praeter
640 1533 760 1590 eeteros
782 1531 885 1589 lavere
907 1530 1068 1603 indieahnt,
1090 1547 1157 1588 eum
1169 1529 1351 1603 magistratus

79 1645 180 1726 legem
209 1647 310 1707 terens
337 1645 506 1723 deligebat,
534 1650 566 1706 ut
585 1647 697 1724 primus
719 1663 773 1723 pro
804 1644 879 1705 trihu
907 1663 962 1706 sua
987 1645 1162 1719 suffragium
1192 1645 1296 1704 ferret.
1326 1662 1350 1702 r.

77 1760 195 1827 Manet.
219 1762 256 1822 de
277 1761 377 1838 [regg.

160 1880 262 1942 sciens
283 1875 356 1938 doto
378 1877 475 1950 molo)
518 1874 600 1938 Idem
627 1876 788 1960 aliquotIes
816 1878 846 1938 in
874 1877 945 1954 lege
971 1895 1021 1958 ap.
1048 1876 1143 1940 (loos.
1172 1877 1212 1937 de
1239 1894 1274 1937 re
1294 1892 1352 1953 agr.

78 2014 109 2073 p.
137 1997 209 2054 auo.
342 1971 346 1979 '

159 2112 290 2191 ruperit)
313 2107 438 2196 Quintil.
459 2107 499 2169 11.
511 2112 542 2187 4,
554 2111 589 2170 8:
613 2109 934 2171 laminam-eaelatura
955 2110 1048 2172 altior
1068 2117 1199 2192 rumpat.
1220 2105 1353 2171 flthlt

159 2223 288 2286 dominis
320 2219 606 2307 possessoribusoe]
650 2222 783 2286 Attende
818 2225 989 2286 discrimen.
1039 2227 1166 2287 Domini
1198 2223 1251 2286 hie
1281 2224 1353 2303 sunt,

78 2340 184 2424 quihus
211 2339 308 2420 horti,
336 2341 476 2420 praedia,
505 2339 573 2401 loea
600 2343 671 2401 sunt
690 2341 831 2419 propria,
860 2340 1013 2401 wirlrliohe
1036 2338 1353 2418 Grundeigenthiimer.

77 2455 282 2520 Possessores
310 2458 379 2519 suut
400 2455 611 2536 emphyteutae
640 2474 694 2516 son
717 2455 977 2536 emphyteuticarii
1001 2456 1123 2533 domini,
1147 2457 1198 2536 qui
1220 2454 1292 2517 looa
1310 2454 1354 2515 illa

76 2573 242 2650 vectigalia
262 2573 433 2653 possident,
457 2574 571 2650 neitige
593 2571 742 2649 Besituer,
764 2571 962 2650 Erhpaohter.
985 2593 1016 2633 v.
1040 2570 1181 2651 Spiegel.
1203 2572 1283 2634 hex.
1299 2571 1354 2632 Jur.

76 2689 106 2751 in
128 2709 161 2749 v.
184 2688 327 2752 Attamen
348 2689 516 2769 promiscue
540 2689 626 2749 etiam
648 2691 803 2769 utrumque
820 2705 926 2749 nomen
949 2692 1118 2766 usurpatur,
1141 2706 1206 2748 enm
1230 2704 1354 2766 posses-

76 2824 164 2867 sores
192 2805 278 2867 etiam
308 2805 418 2866 domini
447 2802 613 2864 habeantur
634 2806 665 2864 et
686 2801 861 2883 simpliciter
883 2803 927 2863 sio
949 2802 1145 2883 appellentur.
1176 2824 1206 2864 v.
1230 2801 1352 2865 Sohund.

76 2920 153 2984 hex.
174 2920 239 2981 Jur.
262 2922 293 2982 in
315 2940 346 2984 v.
373 2919 426 2981 Sie
450 2917 508 2978 hoe
531 2920 637 2979 eodem
659 2918 727 2980 Art.
749 2918 825 2978 inira
846 2919 875 2978 in
896 2919 1000 2980 verbis
1022 2922 1051 2980 si
1072 2919 1146 3001 quiet
1167 2938 1272 2980 eorum
1292 2937 1354 2980 ser-

76 3057 133 3099 ooo
151 3038 273 3118 feeerit,
297 3036 435 3097 dominos
450 3033 507 3098 HS
519 3043 632 3096 eentum
653 3034 751 3095 millia
770 3035 887 3116 popolo
910 3035 970 3112 olet,
993 3037 1110 3096 neruine
1124 3033 1265 3096 dominus
1286 3051 1355 3095 eon-

76 3156 188 3220 tinotur
218 3156 250 3214 et
277 3151 411 3212 dominns
440 3168 524 3233 quem
553 3150 683 3213 diximus
711 3152 742 3212 et
768 3168 942 3229 possessor.
992 3150 1094 3235 Atque
1125 3153 1176 3232 qui
1203 3149 1274 3212 Art.
1303 3151 1353 3211 lot

77 3268 214 3331 dominos
235 3270 362 3329 vocatur
384 3263 495 3348 (oeque
515 3267 608 3328 ollem
624 3283 730 3326 novom
747 3265 895 3327 dominum
909 3263 1136 3348 praediorum),
1158 3267 1237 3327 idem
1256 3267 1354 3326 eodem

76 3383 144 3445 Art.
166 3384 242 3445 inira
269 3387 381 3455 (omnis
402 3402 502 3467 operae
519 3401 586 3442 eum
604 3400 785 3463 possessore
806 3385 996 3444 instauratur
1018 3381 1207 3462 heneficium)
1238 3384 1270 3443 et
1290 3379 1353 3441 Art.

78 3502 137 3575 lli
160 3497 329 3581 (translata
349 3503 380 3560 im
401 3517 509 3560 novum
527 3515 738 3580 possessorem
759 3503 854 3579 apua)
874 3516 1040 3580 possessor
1062 3497 1188 3558 dieitur.

159 3615 250 3677 loeus
271 3619 458 3687 immittetur)
482 3613 627 3678 Schneid.
649 3613 685 3673 ad
708 3612 832 3675 Vitruv.
855 3617 884 3674 8.
906 3633 937 3692 p.
963 3619 1031 3677 130.
1052 3612 1192 3677 HlllNR.

160 3730 285 3801 domnas
306 3734 389 3809 esto]
416 3732 532 3794 handat
551 3729 648 3791 loeum
671 3746 734 3789 eum
762 3728 829 3791 aliis
858 3729 959 3790 multis
981 3729 1142 3791 Foreellin.
1165 3730 1196 3789 in
1216 3748 1251 3789 v.
1274 3729 1355 3790 dem-

77 3865 147 3925 mea,
170 3845 221 3906 uhi
242 3847 354 3909 vitiose
377 3852 479 3908 nostra
501 3846 554 3907 lex
574 3847 711 3908 voeatnr.
733 3843 768 3908 S.
793 3843 828 3905 C.
852 3842 902 3908 Gi.
926 3842 1018 3906 Goes.
1039 3863 1071 3923 p.
1095 3847 1155 3904 339
1177 3864 1223 3927 sq.
1256 3919 1260 3927 Ι

161 3964 318 4040 coerceto)
350 3961 414 4026 Cio.
431 3962 508 4039 hog.
531 3960 584 4022 lll.
606 3965 642 4023 3:
665 3960 770 4039 mulce,
801 3961 934 4022 vineolis
954 3960 1188 4042 oerherihuspoe
1211 3970 1357 4024 eoereelo.

76 4080 125 4143 De
148 4097 302 4154 eoereere,
316 4081 450 4158 pipam-o
472 4096 587 4159 capere
603 4080 662 4139 eto.
684 4076 789 4140 lleinr.
813 4075 942 4141 conferri
965 4076 1050 4139 inhet
1063 4075 1201 4138 Brisson.
1220 4078 1251 4136 iu
1274 4094 1359 4137 noer-

78 4217 147 4259 eere
168 4198 198 4257 et
217 4196 328 4276 pipnus
350 4210 378 4255 n.
402 4199 431 4253 6.
454 4227 494 4237 -
535 4192 696 4253 Praeterea
716 4192 874 4253 notandum
898 4195 962 4266 ost,
990 4193 1049 4252 diei
1073 4196 1185 4271 eoptto,
1209 4201 1359 4266 coerceto,

78 4313 212 4395 quamvis
234 4309 435 4390 praecesserit
456 4316 498 4402 oe.
541 4307 680 4368 Nimirum
701 4310 807 4370 aneton
828 4307 920 4386 legis,
945 4309 983 4369 oh
1008 4307 1181 4371 interiectas
1197 4308 1360 4371 sententian
