<?xml version="1.0" encoding="UTF-8"?>
<!DOCTYPE html PUBLIC "-//W3C//DTD XHTML 1.0 Transitional//EN"
    "http://www.w3.org/TR/xhtml1/DTD/xhtml1-transitional.dtd">
<html xmlns="http://www.w3.org/1999/xhtml" xml:lang="en" lang="en">
 <head>
  <title>
</title>
<meta http-equiv="Content-Type" content="text/html;charset=utf-8" />
  <meta name='ocr-system' content='tesseract 3.04.00' />
  <meta name='ocr-capabilities' content='ocr_page ocr_carea ocr_par ocr_line ocrx_word'/>
</head>
<body>
  <div class='ocr_page' id='page_1' title='image "./sexjuliifrontin00dedegoog_0154.png"; bbox 0 0 2888 4710; ppageno 0'>
   <div class='ocr_carea' id='block_1_1' title="bbox 427 182 1367 282">
    <p class='ocr_par' dir='ltr' id='par_1_1' title="bbox 427 182 1367 282">
     <span class='ocr_line' id='line_1_1' title="bbox 427 182 1367 282; baseline -0.002 -21"><span class='ocrx_word' id='word_1_1' title='bbox 427 187 498 261; x_wconf 82' lang='lat' dir='ltr'><strong>DE</strong></span> <span class='ocrx_word' id='word_1_2' title='bbox 523 187 714 282; x_wconf 72' lang='lat' dir='ltr'><strong>AQUAE</strong></span> <span class='ocrx_word' id='word_1_3' title='bbox 738 188 1019 269; x_wconf 78' lang='lat' dir='ltr'><strong>DUOTIBUS.</strong></span> <span class='ocrx_word' id='word_1_4' title='bbox 1291 182 1367 260; x_wconf 81' lang='lat'><strong>105</strong></span> 
     </span>
    </p>
   </div>
   <div class='ocr_carea' id='block_1_2' title="bbox 76 416 1355 2253">
    <p class='ocr_par' dir='ltr' id='par_1_2' title="bbox 76 416 1355 2253">
     <span class='ocr_line' id='line_1_2' title="bbox 86 416 1265 519; baseline -0.002 -25"><span class='ocrx_word' id='word_1_5' title='bbox 86 416 244 494; x_wconf 73' lang='lat' dir='ltr'><strong>(iurator</strong></span> <span class='ocrx_word' id='word_1_6' title='bbox 274 416 399 493; x_wconf 89' lang='lat' dir='ltr'><strong>deinde</strong></span> <span class='ocrx_word' id='word_1_7' title='bbox 423 419 595 495; x_wconf 87' lang='lat' dir='ltr'><strong>beneficio</strong></span> <span class='ocrx_word' id='word_1_8' title='bbox 623 421 796 499; x_wconf 82' lang='lat' dir='ltr'>Caesaris</span> <span class='ocrx_word' id='word_1_9' title='bbox 822 434 1008 519; x_wconf 87' lang='lat' dir='ltr'><strong>praestare</strong></span> <span class='ocrx_word' id='word_1_10' title='bbox 1033 426 1265 494; x_wconf 76' lang='lat' dir='ltr'><strong>maturitatem</strong></span> 
     </span>
     <span class='ocr_line' id='line_1_3' title="bbox 85 532 1264 633; baseline 0 -26"><span class='ocrx_word' id='word_1_11' title='bbox 85 546 121 607; x_wconf 87' lang='lat' dir='ltr'><strong>et</strong></span> <span class='ocrx_word' id='word_1_12' title='bbox 146 532 422 609; x_wconf 81' lang='lat' dir='ltr'><strong>Procuratorem</strong></span> <span class='ocrx_word' id='word_1_13' title='bbox 448 536 608 610; x_wconf 87' lang='lat' dir='ltr'><strong>eiusdem</strong></span> <span class='ocrx_word' id='word_1_14' title='bbox 633 536 740 612; x_wconf 84' lang='lat' dir='ltr'><strong>officii</strong></span> <span class='ocrx_word' id='word_1_15' title='bbox 764 537 925 612; x_wconf 85' lang='lat' dir='ltr'><strong>libertum</strong></span> <span class='ocrx_word' id='word_1_16' title='bbox 953 536 1125 613; x_wconf 75' lang='lat' dir='ltr'><strong>Caesaris</strong></span> <span class='ocrx_word' id='word_1_17' title='bbox 1151 541 1264 633; x_wconf 88' lang='lat' dir='ltr'><strong>proti-</strong></span> 
     </span>
     <span class='ocr_line' id='line_1_4' title="bbox 82 648 1264 751; baseline 0 -29"><span class='ocrx_word' id='word_1_18' title='bbox 82 674 153 723; x_wconf 88' lang='lat' dir='ltr'><strong>nus</strong></span> <span class='ocrx_word' id='word_1_19' title='bbox 185 650 356 725; x_wconf 86' lang='lat' dir='ltr'><strong>scribere.</strong></span> <span class='ocrx_word' id='word_1_20' title='bbox 406 651 678 726; x_wconf 75' lang='lat' dir='ltr'><strong>Procuratorem</strong></span> <span class='ocrx_word' id='word_1_21' title='bbox 704 662 817 726; x_wconf 89' lang='lat' dir='ltr'><strong>antem</strong></span> <span class='ocrx_word' id='word_1_22' title='bbox 844 658 978 751; x_wconf 88' lang='lat' dir='ltr'><strong>primus</strong></span> <span class='ocrx_word' id='word_1_23' title='bbox 1005 652 1062 725; x_wconf 76' lang='lat' dir='ltr'><strong>Vi.</strong></span> <span class='ocrx_word' id='word_1_24' title='bbox 1088 648 1264 729; x_wconf 80' lang='lat' dir='ltr'><strong>Claudius</strong></span> 
     </span>
     <span class='ocr_line' id='line_1_5' title="bbox 81 763 1265 866; baseline 0 -29"><span class='ocrx_word' id='word_1_25' title='bbox 81 763 226 838; x_wconf 80' lang='lat' dir='ltr'><strong>videtur</strong></span> <span class='ocrx_word' id='word_1_26' title='bbox 253 765 476 861; x_wconf 81' lang='lat' dir='ltr'><strong>admovisse,</strong></span> <span class='ocrx_word' id='word_1_27' title='bbox 507 777 690 866; x_wconf 88' lang='lat' dir='ltr'><strong>postquam</strong></span> <span class='ocrx_word' id='word_1_28' title='bbox 717 768 894 843; x_wconf 88' lang='lat' dir='ltr'><strong>Anionem</strong></span> <span class='ocrx_word' id='word_1_29' title='bbox 918 768 1063 841; x_wconf 90' lang='lat' dir='ltr'><strong>Novum</strong></span> <span class='ocrx_word' id='word_1_30' title='bbox 1090 778 1125 841; x_wconf 92' lang='lat' dir='ltr'><strong>et</strong></span> <span class='ocrx_word' id='word_1_31' title='bbox 1150 765 1265 843; x_wconf 80' lang='lat' dir='ltr'><strong>Olau-</strong></span> 
     </span>
     <span class='ocr_line' id='line_1_6' title="bbox 84 879 1355 982; baseline 0.002 -29"><span class='ocrx_word' id='word_1_32' title='bbox 84 879 180 953; x_wconf 87' lang='lat' dir='ltr'><strong>diam</strong></span> <span class='ocrx_word' id='word_1_33' title='bbox 206 879 352 955; x_wconf 82' lang='lat' dir='ltr'><strong>induxit.</strong></span> <span class='ocrx_word' id='word_1_34' title='bbox 405 882 496 971; x_wconf 81' lang='lat' dir='ltr'><strong>Quid</strong></span> <span class='ocrx_word' id='word_1_35' title='bbox 529 885 703 958; x_wconf 87' lang='lat' dir='ltr'><strong>contineat</strong></span> <span class='ocrx_word' id='word_1_36' title='bbox 733 885 896 982; x_wconf 83' lang='lat' dir='ltr'><strong>epistola⁷</strong></span> <span class='ocrx_word' id='word_1_37' title='bbox 929 883 1044 957; x_wconf 91' lang='lat' dir='ltr'><strong>vilicis</strong></span> <span class='ocrx_word' id='word_1_38' title='bbox 1071 881 1148 956; x_wconf 88' lang='lat' dir='ltr'><strong>fieri</strong></span> <span class='ocrx_word' id='word_1_39' title='bbox 1174 905 1265 978; x_wconf 88' lang='lat' dir='ltr'><strong>quo·</strong></span> <span class='ocrx_word' id='word_1_40' title='bbox 1349 896 1355 909; x_wconf 83' lang='lat'>&#39;</span> 
     </span>
     <span class='ocr_line' id='line_1_7' title="bbox 83 996 1266 1097; baseline 0 -28"><span class='ocrx_word' id='word_1_41' title='bbox 83 1019 154 1092; x_wconf 89' lang='lat' dir='ltr'><strong>que</strong></span> <span class='ocrx_word' id='word_1_42' title='bbox 189 1008 307 1069; x_wconf 91' lang='lat' dir='ltr'><strong>notum</strong></span> <span class='ocrx_word' id='word_1_43' title='bbox 341 996 463 1095; x_wconf 79' lang='lat' dir='ltr'><strong>debet,</strong></span> <span class='ocrx_word' id='word_1_44' title='bbox 498 1024 542 1073; x_wconf 89' lang='lat' dir='ltr'><strong>ne</strong></span> <span class='ocrx_word' id='word_1_45' title='bbox 575 997 712 1095; x_wconf 85' lang='lat' dir='ltr'><strong>quando</strong></span> <span class='ocrx_word' id='word_1_46' title='bbox 744 1000 994 1097; x_wconf 82' lang='lat' dir='ltr'><strong>negligentiam</strong></span> <span class='ocrx_word' id='word_1_47' title='bbox 1025 1008 1083 1072; x_wconf 89' lang='lat' dir='ltr'><strong>aut</strong></span> <span class='ocrx_word' id='word_1_48' title='bbox 1108 997 1266 1072; x_wconf 82' lang='lat' dir='ltr'><strong>fraudem</strong></span> 
     </span>
     <span class='ocr_line' id='line_1_8' title="bbox 80 1113 1267 1210; baseline 0.001 -25"><span class='ocrx_word' id='word_1_49' title='bbox 80 1136 188 1187; x_wconf 89' lang='lat' dir='ltr'><strong>suam</strong></span> <span class='ocrx_word' id='word_1_50' title='bbox 222 1118 442 1210; x_wconf 79' lang='lat' dir='ltr'><strong>ignorantiae</strong></span> <span class='ocrx_word' id='word_1_51' title='bbox 474 1115 593 1188; x_wconf 89' lang='lat' dir='ltr'><strong>colore</strong></span> <span class='ocrx_word' id='word_1_52' title='bbox 625 1113 820 1189; x_wconf 79' lang='lat' dir='ltr'><strong>defendant.</strong></span> <span class='ocrx_word' id='word_1_53' title='bbox 870 1113 1087 1188; x_wconf 89' lang='lat' dir='ltr'><strong>Procurator</strong></span> <span class='ocrx_word' id='word_1_54' title='bbox 1120 1114 1267 1187; x_wconf 78' lang='lat' dir='ltr'><strong>calicem</strong></span> 
     </span>
     <span class='ocr_line' id='line_1_9' title="bbox 80 1227 1264 1328; baseline 0 -27"><span class='ocrx_word' id='word_1_55' title='bbox 80 1229 163 1301; x_wconf 88' lang='lat' dir='ltr'><strong>cius</strong></span> <span class='ocrx_word' id='word_1_56' title='bbox 191 1227 342 1321; x_wconf 81' lang='lat' dir='ltr'><strong>moduli,</strong></span> <span class='ocrx_word' id='word_1_57' title='bbox 376 1235 436 1326; x_wconf 85' lang='lat' dir='ltr'><strong>qui</strong></span> <span class='ocrx_word' id='word_1_58' title='bbox 461 1230 564 1303; x_wconf 83' lang='lat' dir='ltr'><strong>fuerit</strong></span> <span class='ocrx_word' id='word_1_59' title='bbox 588 1232 811 1328; x_wconf 76' lang='lat' dir='ltr'><strong>impetratuS,</strong></span> <span class='ocrx_word' id='word_1_60' title='bbox 848 1229 1012 1304; x_wconf 89' lang='lat' dir='ltr'><strong>adhibitis</strong></span> <span class='ocrx_word' id='word_1_61' title='bbox 1036 1229 1264 1304; x_wconf 89' lang='lat' dir='ltr'><strong>libratoribus</strong></span> 
     </span>
     <span class='ocr_line' id='line_1_10' title="bbox 79 1344 1264 1443; baseline 0 -27"><span class='ocrx_word' id='word_1_62' title='bbox 79 1344 220 1442; x_wconf 83' lang='lat' dir='ltr'><strong>signari</strong></span> <span class='ocrx_word' id='word_1_63' title='bbox 244 1346 395 1442; x_wconf 80' lang='lat' dir='ltr'><strong>cogitet,</strong></span> <span class='ocrx_word' id='word_1_64' title='bbox 424 1344 608 1443; x_wconf 84' lang='lat' dir='ltr'><strong>diligenter</strong></span> <span class='ocrx_word' id='word_1_65' title='bbox 627 1345 780 1420; x_wconf 82' lang='lat' dir='ltr'><strong>intendat</strong></span> <span class='ocrx_word' id='word_1_66' title='bbox 797 1369 1059 1441; x_wconf 81' lang='lat' dir='ltr'><strong>mensurarum,</strong></span> <span class='ocrx_word' id='word_1_67' title='bbox 1088 1368 1176 1440; x_wconf 89' lang='lat' dir='ltr'><strong>quas</strong></span> <span class='ocrx_word' id='word_1_68' title='bbox 1198 1367 1264 1416; x_wconf 90' lang='lat' dir='ltr'><strong>su-</strong></span> 
     </span>
     <span class='ocr_line' id='line_1_11' title="bbox 79 1459 1265 1559; baseline -0.001 -27"><span class='ocrx_word' id='word_1_69' title='bbox 79 1484 146 1559; x_wconf 87' lang='lat' dir='ltr'><strong>pra</strong></span> <span class='ocrx_word' id='word_1_70' title='bbox 167 1459 335 1555; x_wconf 79' lang='lat' dir='ltr'><strong>diximuS,</strong></span> <span class='ocrx_word' id='word_1_71' title='bbox 362 1460 504 1535; x_wconf 91' lang='lat' dir='ltr'><strong>modum</strong></span> <span class='ocrx_word' id='word_1_72' title='bbox 531 1474 565 1535; x_wconf 90' lang='lat' dir='ltr'><strong>et</strong></span> <span class='ocrx_word' id='word_1_73' title='bbox 591 1487 710 1535; x_wconf 89' lang='lat' dir='ltr'><strong>earum</strong></span> <span class='ocrx_word' id='word_1_74' title='bbox 735 1462 889 1535; x_wconf 90' lang='lat' dir='ltr'><strong>notitiam</strong></span> <span class='ocrx_word' id='word_1_75' title='bbox 915 1460 1060 1535; x_wconf 87' lang='lat' dir='ltr'><strong>habeat:</strong></span> <span class='ocrx_word' id='word_1_76' title='bbox 1087 1486 1132 1533; x_wconf 86' lang='lat' dir='ltr'><strong>oe</strong></span> <span class='ocrx_word' id='word_1_77' title='bbox 1158 1461 1265 1533; x_wconf 87' lang='lat' dir='ltr'><strong>sitin</strong></span> 
     </span>
     <span class='ocr_line' id='line_1_12' title="bbox 81 1575 1265 1671; baseline -0.004 -20"><span class='ocrx_word' id='word_1_78' title='bbox 81 1576 227 1651; x_wconf 88' lang='lat' dir='ltr'><strong>arbitrio</strong></span> <span class='ocrx_word' id='word_1_79' title='bbox 260 1575 480 1671; x_wconf 80' lang='lat' dir='ltr'><strong>libraturum,</strong></span> <span class='ocrx_word' id='word_1_80' title='bbox 520 1576 696 1652; x_wconf 90' lang='lat' dir='ltr'><strong>interdum</strong></span> <span class='ocrx_word' id='word_1_81' title='bbox 732 1579 876 1651; x_wconf 88' lang='lat' dir='ltr'><strong>maioris</strong></span> <span class='ocrx_word' id='word_1_82' title='bbox 912 1578 1052 1650; x_wconf 91' lang='lat' dir='ltr'><strong>luminis</strong></span> <span class='ocrx_word' id='word_1_83' title='bbox 1091 1575 1265 1649; x_wconf 90' lang='lat' dir='ltr'><strong>interdum</strong></span> 
     </span>
     <span class='ocr_line' id='line_1_13' title="bbox 80 1688 1264 1792; baseline -0.004 -27"><span class='ocrx_word' id='word_1_84' title='bbox 80 1692 247 1786; x_wconf 85' lang='lat' dir='ltr'><strong>minoris,</strong></span> <span class='ocrx_word' id='word_1_85' title='bbox 283 1716 347 1789; x_wconf 85' lang='lat' dir='ltr'><strong>pro</strong></span> <span class='ocrx_word' id='word_1_86' title='bbox 374 1693 487 1789; x_wconf 86' lang='lat' dir='ltr'><strong>gratia</strong></span> <span class='ocrx_word' id='word_1_87' title='bbox 511 1717 759 1792; x_wconf 79' lang='lat' dir='ltr'><strong>personarum,</strong></span> <span class='ocrx_word' id='word_1_88' title='bbox 795 1694 940 1766; x_wconf 88' lang='lat' dir='ltr'><strong>calicem</strong></span> <span class='ocrx_word' id='word_1_89' title='bbox 971 1692 1132 1790; x_wconf 88' lang='lat' dir='ltr'><strong>probare.</strong></span> <span class='ocrx_word' id='word_1_90' title='bbox 1185 1688 1264 1767; x_wconf 85' lang='lat' dir='ltr'><strong>Sed</strong></span> 
     </span>
     <span class='ocr_line' id='line_1_14' title="bbox 78 1807 1263 1904; baseline -0.003 -23"><span class='ocrx_word' id='word_1_91' title='bbox 78 1832 149 1881; x_wconf 89' lang='lat' dir='ltr'><strong>nec</strong></span> <span class='ocrx_word' id='word_1_92' title='bbox 190 1812 308 1883; x_wconf 86' lang='lat' dir='ltr'><strong>statim</strong></span> <span class='ocrx_word' id='word_1_93' title='bbox 349 1807 393 1883; x_wconf 87' lang='lat' dir='ltr'><strong>ab</strong></span> <span class='ocrx_word' id='word_1_94' title='bbox 436 1808 503 1882; x_wconf 90' lang='lat' dir='ltr'><strong>hoo</strong></span> <span class='ocrx_word' id='word_1_95' title='bbox 540 1809 690 1884; x_wconf 88' lang='lat' dir='ltr'><strong>liberum</strong></span> <span class='ocrx_word' id='word_1_96' title='bbox 728 1808 934 1882; x_wconf 86' lang='lat' dir='ltr'><strong>subiiciendi</strong></span> <span class='ocrx_word' id='word_1_97' title='bbox 974 1808 1263 1904; x_wconf 84' lang='lat' dir='ltr'><strong>qualemcumque</strong></span> 
     </span>
     <span class='ocr_line' id='line_1_15' title="bbox 77 1919 1264 2023; baseline -0.001 -28"><span class='ocrx_word' id='word_1_98' title='bbox 77 1923 280 2023; x_wconf 89' lang='lat' dir='ltr'><strong>plumbeam</strong></span> <span class='ocrx_word' id='word_1_99' title='bbox 303 1922 456 1998; x_wconf 77' lang='lat' dir='ltr'><strong>fisudam</strong></span> <span class='ocrx_word' id='word_1_100' title='bbox 482 1931 699 2022; x_wconf 80' lang='lat' dir='ltr'><strong>permittatur</strong></span> <span class='ocrx_word' id='word_1_101' title='bbox 725 1924 922 2018; x_wconf 81' lang='lat' dir='ltr'><strong>arbitrium,</strong></span> <span class='ocrx_word' id='word_1_102' title='bbox 952 1947 1078 1997; x_wconf 83' lang='lat' dir='ltr'><strong>verum</strong></span> <span class='ocrx_word' id='word_1_103' title='bbox 1103 1919 1264 1996; x_wconf 84' lang='lat' dir='ltr'><strong>eiusdem</strong></span> 
     </span>
     <span class='ocr_line' id='line_1_16' title="bbox 76 2039 1261 2139; baseline -0.003 -26"><span class='ocrx_word' id='word_1_104' title='bbox 76 2040 236 2133; x_wconf 80' lang='lat' dir='ltr'><strong>luminis,</strong></span> <span class='ocrx_word' id='word_1_105' title='bbox 265 2063 333 2136; x_wconf 90' lang='lat' dir='ltr'><strong>quo</strong></span> <span class='ocrx_word' id='word_1_106' title='bbox 360 2040 452 2114; x_wconf 83' lang='lat' dir='ltr'><strong>culix</strong></span> <span class='ocrx_word' id='word_1_107' title='bbox 476 2047 640 2139; x_wconf 84' lang='lat' dir='ltr'><strong>signatus</strong></span> <span class='ocrx_word' id='word_1_108' title='bbox 667 2050 739 2137; x_wconf 84' lang='lat' dir='ltr'><strong>est,</strong></span> <span class='ocrx_word' id='word_1_109' title='bbox 771 2065 836 2138; x_wconf 89' lang='lat' dir='ltr'><strong>per</strong></span> <span class='ocrx_word' id='word_1_110' title='bbox 860 2039 972 2138; x_wconf 90' lang='lat' dir='ltr'><strong>pedes</strong></span> <span class='ocrx_word' id='word_1_111' title='bbox 999 2044 1261 2136; x_wconf 77' lang='lat' dir='ltr'><strong>quinquaginta,</strong></span> 
     </span>
     <span class='ocr_line' id='line_1_17' title="bbox 78 2153 1191 2253; baseline -0.002 -25"><span class='ocrx_word' id='word_1_112' title='bbox 78 2156 174 2229; x_wconf 85' lang='lat' dir='ltr'><strong>sicut</strong></span> <span class='ocrx_word' id='word_1_113' title='bbox 198 2153 357 2232; x_wconf 87' lang='lat' dir='ltr'><strong>Senatus</strong></span> <span class='ocrx_word' id='word_1_114' title='bbox 383 2157 564 2251; x_wconf 78' lang='lat' dir='ltr'><strong>consulto,</strong></span> <span class='ocrx_word' id='word_1_115' title='bbox 593 2154 686 2253; x_wconf 93' lang='lat' dir='ltr'><strong>quod</strong></span> <span class='ocrx_word' id='word_1_116' title='bbox 711 2157 907 2231; x_wconf 88' lang='lat' dir='ltr'><strong>subiectum</strong></span> <span class='ocrx_word' id='word_1_117' title='bbox 934 2167 1008 2251; x_wconf 87' lang='lat' dir='ltr'><strong>est,</strong></span> <span class='ocrx_word' id='word_1_118' title='bbox 1036 2168 1191 2229; x_wconf 88' lang='lat' dir='ltr'><strong>cavetur.</strong></span> 
     </span>
    </p>
   </div>
   <div class='ocr_carea' id='block_1_3' title="bbox 78 2262 1360 2485">
    <p class='ocr_par' dir='ltr' id='par_1_3' title="bbox 78 2262 1360 2485">
     <span class='ocr_line' id='line_1_18' title="bbox 157 2262 1360 2368; baseline -0.009 -21"><span class='ocrx_word' id='word_1_119' title='bbox 157 2270 286 2361; x_wconf 80' lang='lat' dir='ltr'><strong>Quod</strong></span> <span class='ocrx_word' id='word_1_120' title='bbox 329 2274 371 2361; x_wconf 78' lang='lat' dir='ltr'><strong>Q.</strong></span> <span class='ocrx_word' id='word_1_121' title='bbox 408 2271 581 2346; x_wconf 84' lang='lat' dir='ltr'><strong>Aelius</strong></span> <span class='ocrx_word' id='word_1_122' title='bbox 620 2272 827 2368; x_wconf 75' lang='lat' dir='ltr'><strong>Tubero,</strong></span> <span class='ocrx_word' id='word_1_123' title='bbox 872 2272 1046 2346; x_wconf 88' lang='lat' dir='ltr'><strong>Paulus</strong></span> <span class='ocrx_word' id='word_1_124' title='bbox 1082 2269 1260 2344; x_wconf 75' lang='lat' dir='ltr'><strong>Fabius</strong></span> <span class='ocrx_word' id='word_1_125' title='bbox 1286 2262 1360 2338; x_wconf 81' lang='lat'><strong>106</strong></span> 
     </span>
     <span class='ocr_line' id='line_1_19' title="bbox 78 2386 1262 2485; baseline -0.005 -24"><span class='ocrx_word' id='word_1_126' title='bbox 78 2386 299 2461; x_wconf 82' lang='lat' dir='ltr'><strong>Maximus</strong></span> <span class='ocrx_word' id='word_1_127' title='bbox 338 2386 473 2465; x_wconf 83' lang='lat' dir='ltr'><strong>Coss.</strong></span> <span class='ocrx_word' id='word_1_128' title='bbox 519 2387 569 2462; x_wconf 83' lang='lat' dir='ltr'><strong>V.</strong></span> <span class='ocrx_word' id='word_1_129' title='bbox 607 2389 670 2480; x_wconf 72' lang='lat' dir='ltr'><strong>R,</strong></span> <span class='ocrx_word' id='word_1_130' title='bbox 711 2386 924 2484; x_wconf 87' lang='lat' dir='ltr'><strong>quosdam</strong></span> <span class='ocrx_word' id='word_1_131' title='bbox 960 2387 1168 2485; x_wconf 88' lang='lat' dir='ltr'><strong>privatos</strong></span> <span class='ocrx_word' id='word_1_132' title='bbox 1208 2409 1262 2458; x_wconf 89' lang='lat' dir='ltr'><strong>ex</strong></span> 
     </span>
    </p>
   </div>
   <div class='ocr_carea' id='block_1_4' title="bbox 69 2668 1291 3749">
    <p class='ocr_par' dir='ltr' id='par_1_4' title="bbox 76 2668 1262 2954">
     <span class='ocr_line' id='line_1_20' title="bbox 79 2668 1262 2752; baseline -0.005 -17"><span class='ocrx_word' id='word_1_133' title='bbox 79 2679 165 2735; x_wconf 84' lang='lat' dir='ltr'><strong>catur</strong></span> <span class='ocrx_word' id='word_1_134' title='bbox 185 2678 302 2752; x_wconf 87' lang='lat' dir='ltr'><strong>tamen,</strong></span> <span class='ocrx_word' id='word_1_135' title='bbox 323 2671 421 2734; x_wconf 85' lang='lat' dir='ltr'><strong>locum</strong></span> <span class='ocrx_word' id='word_1_136' title='bbox 441 2687 513 2733; x_wconf 80' lang='lat' dir='ltr'><strong>erse</strong></span> <span class='ocrx_word' id='word_1_137' title='bbox 534 2671 624 2733; x_wconf 85' lang='lat' dir='ltr'><strong>valde</strong></span> <span class='ocrx_word' id='word_1_138' title='bbox 647 2672 850 2751; x_wconf 86' lang='lat' dir='ltr'><strong>depravatum.</strong></span> <span class='ocrx_word' id='word_1_139' title='bbox 882 2670 999 2734; x_wconf 77' lang='lat' dir='ltr'><strong>Etenim</strong></span> <span class='ocrx_word' id='word_1_140' title='bbox 1020 2670 1149 2731; x_wconf 82' lang='lat' dir='ltr'><strong>utribus</strong></span> <span class='ocrx_word' id='word_1_141' title='bbox 1172 2668 1262 2730; x_wconf 82' lang='lat' dir='ltr'><strong>codd.</strong></span> 
     </span>
     <span class='ocr_line' id='line_1_21' title="bbox 78 2769 1262 2852; baseline -0.006 -18"><span class='ocrx_word' id='word_1_142' title='bbox 78 2777 111 2835; x_wconf 83' lang='lat' dir='ltr'><strong>et</strong></span> <span class='ocrx_word' id='word_1_143' title='bbox 130 2772 155 2835; x_wconf 81' lang='lat' dir='ltr'>V</span> <span class='ocrx_word' id='word_1_144' title='bbox 176 2773 263 2837; x_wconf 75' lang='lat' dir='ltr'><strong>uest</strong></span> <span class='ocrx_word' id='word_1_145' title='bbox 282 2780 315 2834; x_wconf 81' lang='lat' dir='ltr'><strong>ct</strong></span> <span class='ocrx_word' id='word_1_146' title='bbox 339 2773 424 2842; x_wconf 81' lang='lat' dir='ltr'><strong>(ante</strong></span> <span class='ocrx_word' id='word_1_147' title='bbox 445 2771 563 2852; x_wconf 70' lang='lat' dir='ltr'><strong>ttttpo,</strong></span> <span class='ocrx_word' id='word_1_148' title='bbox 591 2774 623 2833; x_wconf 88' lang='lat' dir='ltr'><strong>et</strong></span> <span class='ocrx_word' id='word_1_149' title='bbox 642 2775 714 2850; x_wconf 87' lang='lat' dir='ltr'><strong>post</strong></span> <span class='ocrx_word' id='word_1_150' title='bbox 732 2769 851 2833; x_wconf 82' lang='lat' dir='ltr'><strong>modum</strong></span> <span class='ocrx_word' id='word_1_151' title='bbox 871 2771 1027 2850; x_wconf 84' lang='lat' dir='ltr'><strong>pergitur:</strong></span> <span class='ocrx_word' id='word_1_152' title='bbox 1055 2778 1087 2830; x_wconf 85' lang='lat' dir='ltr'><strong>et</strong></span> <span class='ocrx_word' id='word_1_153' title='bbox 1103 2771 1262 2850; x_wconf 78' lang='lat' dir='ltr'><strong>posuimus</strong></span> 
     </span>
     <span class='ocr_line' id='line_1_22' title="bbox 76 2867 1169 2954; baseline -0.006 -21"><span class='ocrx_word' id='word_1_154' title='bbox 76 2875 215 2935; x_wconf 82' lang='lat' dir='ltr'><strong>aetitiam</strong></span> <span class='ocrx_word' id='word_1_155' title='bbox 234 2869 347 2934; x_wconf 73' lang='lat' dir='ltr'><strong>tabeat</strong></span> <span class='ocrx_word' id='word_1_156' title='bbox 366 2868 429 2943; x_wconf 74' lang='lat' dir='ltr'><strong>(Gt</strong></span> <span class='ocrx_word' id='word_1_157' title='bbox 450 2880 482 2933; x_wconf 82' lang='lat' dir='ltr'><strong>ct</strong></span> <span class='ocrx_word' id='word_1_158' title='bbox 497 2875 664 2954; x_wconf 76' lang='lat' dir='ltr'><strong>poscimur.</strong></span> <span class='ocrx_word' id='word_1_159' title='bbox 705 2870 857 2934; x_wconf 83' lang='lat' dir='ltr'><strong>Notitiam</strong></span> <span class='ocrx_word' id='word_1_160' title='bbox 876 2867 964 2941; x_wconf 75' lang='lat' dir='ltr'><strong>ooo.)</strong></span> <span class='ocrx_word' id='word_1_161' title='bbox 984 2889 1018 2930; x_wconf 82' lang='lat' dir='ltr'><strong>v.</strong></span> <span class='ocrx_word' id='word_1_162' title='bbox 1039 2868 1169 2929; x_wconf 86' lang='lat' dir='ltr'><strong>Annott.</strong></span> 
     </span>
    </p>

    <p class='ocr_par' dir='ltr' id='par_1_5' title="bbox 116 2968 1146 3044">
     <span class='ocr_line' id='line_1_23' title="bbox 116 2968 1146 3044; baseline -0.003 -11"><span class='ocrx_word' id='word_1_163' title='bbox 116 2975 151 3033; x_wconf 73' lang='lat' dir='ltr'><strong>in</strong></span> <span class='ocrx_word' id='word_1_164' title='bbox 171 2970 278 3044; x_wconf 82' lang='lat' dir='ltr'><strong>arbit.)</strong></span> <span class='ocrx_word' id='word_1_165' title='bbox 307 2969 338 3032; x_wconf 93' lang='lat' dir='ltr'>V</span> <span class='ocrx_word' id='word_1_166' title='bbox 352 2968 394 3032; x_wconf 80' lang='lat' dir='ltr'><strong>V:</strong></span> <span class='ocrx_word' id='word_1_167' title='bbox 416 2968 460 3032; x_wconf 78' lang='lat' dir='ltr'><strong>idi</strong></span> <span class='ocrx_word' id='word_1_168' title='bbox 480 2969 547 3034; x_wconf 81' lang='lat' dir='ltr'><strong>ard.</strong></span> <span class='ocrx_word' id='word_1_169' title='bbox 1141 2982 1146 2995; x_wconf 88' lang='lat'><strong>·</strong></span> 
     </span>
    </p>

    <p class='ocr_par' dir='ltr' id='par_1_6' title="bbox 73 3063 1259 3333">
     <span class='ocr_line' id='line_1_24' title="bbox 114 3063 1257 3153; baseline -0.009 -20"><span class='ocrx_word' id='word_1_170' title='bbox 114 3090 175 3133; x_wconf 76' lang='lat' dir='ltr'><strong>aec</strong></span> <span class='ocrx_word' id='word_1_171' title='bbox 194 3079 235 3135; x_wconf 85' lang='lat' dir='ltr'><strong>ct.</strong></span> <span class='ocrx_word' id='word_1_172' title='bbox 255 3069 296 3133; x_wconf 82' lang='lat' dir='ltr'><strong>at</strong></span> <span class='ocrx_word' id='word_1_173' title='bbox 315 3069 391 3141; x_wconf 77' lang='lat' dir='ltr'><strong>toa)</strong></span> <span class='ocrx_word' id='word_1_174' title='bbox 411 3067 479 3132; x_wconf 86' lang='lat' dir='ltr'><strong>Pol.</strong></span> <span class='ocrx_word' id='word_1_175' title='bbox 502 3070 595 3132; x_wconf 88' lang='lat' dir='ltr'><strong>edidit</strong></span> <span class='ocrx_word' id='word_1_176' title='bbox 614 3090 720 3153; x_wconf 72' lang='lat' dir='ltr'><strong>nequa</strong></span> <span class='ocrx_word' id='word_1_177' title='bbox 745 3069 812 3131; x_wconf 85' lang='lat' dir='ltr'><strong>Nos</strong></span> <span class='ocrx_word' id='word_1_178' title='bbox 834 3065 899 3131; x_wconf 81' lang='lat' dir='ltr'><strong>GU</strong></span> <span class='ocrx_word' id='word_1_179' title='bbox 919 3066 1017 3130; x_wconf 84' lang='lat' dir='ltr'><strong>secuti</strong></span> <span class='ocrx_word' id='word_1_180' title='bbox 1037 3085 1151 3127; x_wconf 77' lang='lat' dir='ltr'><strong>surius.</strong></span> <span class='ocrx_word' id='word_1_181' title='bbox 1181 3063 1257 3126; x_wconf 84' lang='lat' dir='ltr'><strong>VF:</strong></span> 
     </span>
     <span class='ocr_line' id='line_1_25' title="bbox 75 3163 1259 3252; baseline -0.006 -20"><span class='ocrx_word' id='word_1_182' title='bbox 75 3191 122 3232; x_wconf 80' lang='lat' dir='ltr'><strong>ac.</strong></span> <span class='ocrx_word' id='word_1_183' title='bbox 168 3167 297 3233; x_wconf 84' lang='lat' dir='ltr'><strong>Ceterae</strong></span> <span class='ocrx_word' id='word_1_184' title='bbox 329 3168 404 3233; x_wconf 84' lang='lat' dir='ltr'><strong>cdd:</strong></span> <span class='ocrx_word' id='word_1_185' title='bbox 435 3188 530 3252; x_wconf 81' lang='lat' dir='ltr'><strong>neque</strong></span> <span class='ocrx_word' id='word_1_186' title='bbox 558 3174 659 3232; x_wconf 79' lang='lat' dir='ltr'><strong>rtatim</strong></span> <span class='ocrx_word' id='word_1_187' title='bbox 685 3169 796 3233; x_wconf 75' lang='lat' dir='ltr'><strong>adduc.</strong></span> <span class='ocrx_word' id='word_1_188' title='bbox 836 3167 940 3231; x_wconf 87' lang='lat' dir='ltr'><strong>Heinr.</strong></span> <span class='ocrx_word' id='word_1_189' title='bbox 969 3166 1099 3245; x_wconf 86' lang='lat' dir='ltr'><strong>corrigit</strong></span> <span class='ocrx_word' id='word_1_190' title='bbox 1126 3163 1163 3226; x_wconf 80' lang='lat' dir='ltr'><strong>ob</strong></span> <span class='ocrx_word' id='word_1_191' title='bbox 1190 3163 1259 3225; x_wconf 78' lang='lat' dir='ltr'><strong>doc.</strong></span> 
     </span>
     <span class='ocr_line' id='line_1_26' title="bbox 73 3269 257 3333; baseline 0.011 -2"><span class='ocrx_word' id='word_1_192' title='bbox 73 3292 104 3333; x_wconf 82' lang='lat' dir='ltr'><strong>v.</strong></span> <span class='ocrx_word' id='word_1_193' title='bbox 125 3269 257 3333; x_wconf 77' lang='lat' dir='ltr'><strong>Annott</strong></span> 
     </span>
    </p>

    <p class='ocr_par' dir='ltr' id='par_1_7' title="bbox 111 3365 1076 3451">
     <span class='ocr_line' id='line_1_27' title="bbox 111 3365 1076 3451; baseline -0.006 -19"><span class='ocrx_word' id='word_1_194' title='bbox 111 3372 319 3451; x_wconf 80' lang='lat' dir='ltr'><strong>permittatur)</strong></span> <span class='ocrx_word' id='word_1_195' title='bbox 344 3368 376 3432; x_wconf 88' lang='lat' dir='ltr'>V</span> <span class='ocrx_word' id='word_1_196' title='bbox 391 3368 432 3432; x_wconf 77' lang='lat' dir='ltr'><strong>F:</strong></span> <span class='ocrx_word' id='word_1_197' title='bbox 452 3373 637 3450; x_wconf 81' lang='lat' dir='ltr'><strong>permittunt.</strong></span> <span class='ocrx_word' id='word_1_198' title='bbox 667 3365 795 3432; x_wconf 80' lang='lat' dir='ltr'><strong>Ceterae</strong></span> <span class='ocrx_word' id='word_1_199' title='bbox 817 3367 892 3431; x_wconf 84' lang='lat' dir='ltr'><strong>edd:</strong></span> <span class='ocrx_word' id='word_1_200' title='bbox 911 3371 1076 3448; x_wconf 81' lang='lat' dir='ltr'><strong>permittat.</strong></span> 
     </span>
    </p>

    <p class='ocr_par' dir='ltr' id='par_1_8' title="bbox 69 3455 1291 3749">
     <span class='ocr_line' id='line_1_28' title="bbox 112 3455 1291 3553; baseline -0.009 -20"><span class='ocrx_word' id='word_1_201' title='bbox 112 3488 173 3551; x_wconf 78' lang='lat' dir='ltr'><strong>por</strong></span> <span class='ocrx_word' id='word_1_202' title='bbox 190 3468 289 3549; x_wconf 76' lang='lat' dir='ltr'><strong>peden</strong></span> <span class='ocrx_word' id='word_1_203' title='bbox 310 3473 375 3553; x_wconf 81' lang='lat' dir='ltr'><strong>pu.)</strong></span> <span class='ocrx_word' id='word_1_204' title='bbox 403 3467 451 3531; x_wconf 83' lang='lat' dir='ltr'><strong>lta</strong></span> <span class='ocrx_word' id='word_1_205' title='bbox 472 3467 498 3532; x_wconf 81' lang='lat' dir='ltr'><strong>G</strong></span> <span class='ocrx_word' id='word_1_206' title='bbox 515 3466 559 3548; x_wconf 87' lang='lat' dir='ltr'><strong>U,</strong></span> <span class='ocrx_word' id='word_1_207' title='bbox 581 3467 649 3531; x_wconf 79' lang='lat'><strong>1¹01.</strong></span> <span class='ocrx_word' id='word_1_208' title='bbox 671 3473 703 3529; x_wconf 89' lang='lat' dir='ltr'><strong>et</strong></span> <span class='ocrx_word' id='word_1_209' title='bbox 722 3469 922 3548; x_wconf 75' lang='lat' dir='ltr'><strong>posteriores,</strong></span> <span class='ocrx_word' id='word_1_210' title='bbox 967 3465 1014 3528; x_wconf 85' lang='lat' dir='ltr'><strong>V:</strong></span> <span class='ocrx_word' id='word_1_211' title='bbox 1039 3462 1192 3547; x_wconf 83' lang='lat' dir='ltr'><strong>propcdct</strong></span> <span class='ocrx_word' id='word_1_212' title='bbox 1210 3461 1255 3522; x_wconf 74' lang='lat'><strong>2³</strong></span> <span class='ocrx_word' id='word_1_213' title='bbox 1281 3455 1291 3538; x_wconf 83' lang='lat'>]</span> 
     </span>
     <span class='ocr_line' id='line_1_29' title="bbox 72 3560 1256 3649; baseline -0.006 -18"><span class='ocrx_word' id='word_1_214' title='bbox 72 3570 117 3641; x_wconf 86' lang='lat' dir='ltr'><strong>(i.</strong></span> <span class='ocrx_word' id='word_1_215' title='bbox 133 3586 165 3630; x_wconf 89' lang='lat' dir='ltr'><strong>e.</strong></span> <span class='ocrx_word' id='word_1_216' title='bbox 188 3560 253 3648; x_wconf 65' lang='lat'><strong>11⁸,</strong></span> <span class='ocrx_word' id='word_1_217' title='bbox 279 3568 352 3632; x_wconf 73' lang='lat' dir='ltr'><strong>ic.</strong></span> <span class='ocrx_word' id='word_1_218' title='bbox 373 3567 614 3649; x_wconf 75' lang='lat' dir='ltr'><strong>quinquaginta).</strong></span> <span class='ocrx_word' id='word_1_219' title='bbox 656 3567 753 3629; x_wconf 73' lang='lat' dir='ltr'><strong>Etiam</strong></span> <span class='ocrx_word' id='word_1_220' title='bbox 774 3567 945 3646; x_wconf 83' lang='lat' dir='ltr'><strong>corruptius</strong></span> <span class='ocrx_word' id='word_1_221' title='bbox 967 3564 1007 3625; x_wconf 72' lang='lat' dir='ltr'><strong>Ft</strong></span> <span class='ocrx_word' id='word_1_222' title='bbox 1036 3562 1193 3647; x_wconf 76' lang='lat' dir='ltr'><strong>propedit.</strong></span> <span class='ocrx_word' id='word_1_223' title='bbox 1214 3562 1256 3626; x_wconf 87' lang='grc' dir='ltr'><strong>ΙΙ.</strong></span> 
     </span>
     <span class='ocr_line' id='line_1_30' title="bbox 69 3662 1211 3749; baseline -0.004 -18"><span class='ocrx_word' id='word_1_224' title='bbox 69 3668 213 3749; x_wconf 87' lang='lat' dir='ltr'><strong>Denique</strong></span> <span class='ocrx_word' id='word_1_225' title='bbox 233 3666 253 3730; x_wconf 86' lang='lat' dir='ltr'>J</span> <span class='ocrx_word' id='word_1_226' title='bbox 273 3672 391 3731; x_wconf 79' lang='lat' dir='ltr'><strong>atreo:</strong></span> <span class='ocrx_word' id='word_1_227' title='bbox 412 3667 539 3729; x_wconf 74' lang='lat' dir='ltr'><strong>candart</strong></span> <span class='ocrx_word' id='word_1_228' title='bbox 561 3667 616 3740; x_wconf 85' lang='lat' dir='ltr'><strong>(al.</strong></span> <span class='ocrx_word' id='word_1_229' title='bbox 637 3667 744 3739; x_wconf 80' lang='lat' dir='ltr'><strong>eund.)</strong></span> <span class='ocrx_word' id='word_1_230' title='bbox 763 3663 938 3748; x_wconf 68' lang='lat' dir='ltr'><strong>perpedita</strong></span> <span class='ocrx_word' id='word_1_231' title='bbox 958 3684 1008 3746; x_wconf 83' lang='lat' dir='ltr'><strong>po.</strong></span> <span class='ocrx_word' id='word_1_232' title='bbox 1029 3681 1129 3744; x_wconf 82' lang='lat' dir='ltr'><strong>prope</strong></span> <span class='ocrx_word' id='word_1_233' title='bbox 1149 3662 1211 3726; x_wconf 83' lang='lat' dir='ltr'><strong>det.</strong></span> 
     </span>
    </p>
   </div>
   <div class='ocr_carea' id='block_1_5' title="bbox 111 3765 1338 3941">
    <p class='ocr_par' dir='ltr' id='par_1_9' title="bbox 111 3765 1338 3941">
     <span class='ocr_line' id='line_1_31' title="bbox 111 3765 730 3841; baseline 0 -12"><span class='ocrx_word' id='word_1_234' title='bbox 111 3765 294 3841; x_wconf 71' lang='lat' dir='ltr'><strong>subiectura)</strong></span> <span class='ocrx_word' id='word_1_235' title='bbox 316 3767 394 3829; x_wconf 76' lang='lat' dir='ltr'><strong>not.</strong></span> <span class='ocrx_word' id='word_1_236' title='bbox 408 3781 481 3829; x_wconf 82' lang='lat' dir='ltr'><strong>rec:</strong></span> <span class='ocrx_word' id='word_1_237' title='bbox 502 3765 730 3829; x_wconf 75' lang='lat' dir='ltr'><strong>subiicicadum.</strong></span> 
     </span>
     <span class='ocr_line' id='line_1_32' title="bbox 113 3842 1338 3941; baseline 0.002 -32"><span class='ocrx_word' id='word_1_238' title='bbox 113 3848 205 3939; x_wconf 83' lang='lat' dir='ltr'><strong>Quod</strong></span> <span class='ocrx_word' id='word_1_239' title='bbox 226 3849 263 3941; x_wconf 99' lang='lat' dir='ltr'><em>Q</em></span> <span class='ocrx_word' id='word_1_240' title='bbox 283 3850 409 3923; x_wconf 76' lang='lat' dir='ltr'><strong>Aelius)</strong></span> <span class='ocrx_word' id='word_1_241' title='bbox 442 3848 472 3909; x_wconf 93' lang='lat' dir='ltr'>V</span> <span class='ocrx_word' id='word_1_242' title='bbox 492 3849 534 3912; x_wconf 79' lang='lat' dir='ltr'><strong>F:</strong></span> <span class='ocrx_word' id='word_1_243' title='bbox 566 3848 656 3941; x_wconf 83' lang='lat' dir='ltr'><strong>Quod</strong></span> <span class='ocrx_word' id='word_1_244' title='bbox 675 3848 795 3911; x_wconf 80' lang='lat' dir='ltr'><strong>Aetius.</strong></span> <span class='ocrx_word' id='word_1_245' title='bbox 837 3842 881 3907; x_wconf 85' lang='lat' dir='ltr'><strong>U:</strong></span> <span class='ocrx_word' id='word_1_246' title='bbox 911 3845 1004 3938; x_wconf 82' lang='lat' dir='ltr'><strong>Quod</strong></span> <span class='ocrx_word' id='word_1_247' title='bbox 1021 3843 1059 3908; x_wconf 88' lang='grc' dir='ltr'><strong><em>Π</em></strong></span> <span class='ocrx_word' id='word_1_248' title='bbox 1075 3844 1176 3910; x_wconf 82' lang='lat' dir='ltr'><strong>Elius.</strong></span> <span class='ocrx_word' id='word_1_249' title='bbox 1219 3847 1255 3907; x_wconf 84' lang='lat' dir='ltr'><strong>J:</strong></span> <span class='ocrx_word' id='word_1_250' title='bbox 1291 3862 1338 3914; x_wconf 80' lang='lat'><strong>106</strong></span> 
     </span>
    </p>
   </div>
   <div class='ocr_carea' id='block_1_6' title="bbox 66 3947 1255 4231">
    <p class='ocr_par' dir='ltr' id='par_1_10' title="bbox 66 3947 1255 4231">
     <span class='ocr_line' id='line_1_33' title="bbox 70 3947 381 4039; baseline -0.01 -28"><span class='ocrx_word' id='word_1_251' title='bbox 70 3948 165 4039; x_wconf 82' lang='lat' dir='ltr'><strong>Quod</strong></span> <span class='ocrx_word' id='word_1_252' title='bbox 186 3947 224 4036; x_wconf 95' lang='lat' dir='ltr'><em>Q</em></span> <span class='ocrx_word' id='word_1_253' title='bbox 245 3948 381 4012; x_wconf 60' lang='lat' dir='ltr'><strong>Metire.</strong></span> 
     </span>
     <span class='ocr_line' id='line_1_34' title="bbox 110 4042 1255 4127; baseline -0.003 -18"><span class='ocrx_word' id='word_1_254' title='bbox 110 4046 152 4111; x_wconf 83' lang='lat' dir='ltr'><strong>R.</strong></span> <span class='ocrx_word' id='word_1_255' title='bbox 167 4047 200 4109; x_wconf 81' lang='lat' dir='ltr'><strong>J.</strong></span> <span class='ocrx_word' id='word_1_256' title='bbox 217 4042 261 4126; x_wconf 81' lang='lat'><strong>0]</strong></span> <span class='ocrx_word' id='word_1_257' title='bbox 282 4048 312 4110; x_wconf 89' lang='lat' dir='ltr'>V</span> <span class='ocrx_word' id='word_1_258' title='bbox 334 4051 366 4110; x_wconf 87' lang='lat' dir='ltr'><strong>ct</strong></span> <span class='ocrx_word' id='word_1_259' title='bbox 385 4048 454 4109; x_wconf 87' lang='lat' dir='ltr'><strong>edd.</strong></span> <span class='ocrx_word' id='word_1_260' title='bbox 471 4063 539 4108; x_wconf 73' lang='lat' dir='ltr'><strong>rect</strong></span> <span class='ocrx_word' id='word_1_261' title='bbox 561 4046 601 4110; x_wconf 82' lang='lat' dir='ltr'><strong>a.</strong></span> <span class='ocrx_word' id='word_1_262' title='bbox 620 4046 657 4110; x_wconf 85' lang='lat' dir='ltr'><strong>U.</strong></span> <span class='ocrx_word' id='word_1_263' title='bbox 674 4045 763 4122; x_wconf 66' lang='grc'><em>,1.0,</em></span> <span class='ocrx_word' id='word_1_264' title='bbox 783 4045 939 4127; x_wconf 83' lang='lat' dir='ltr'><strong>inquibus</strong></span> <span class='ocrx_word' id='word_1_265' title='bbox 956 4045 1048 4108; x_wconf 86' lang='lat' dir='ltr'><strong>Uest</strong></span> <span class='ocrx_word' id='word_1_266' title='bbox 1069 4046 1255 4123; x_wconf 78' lang='lat' dir='ltr'><strong>„universi“.</strong></span> 
     </span>
     <span class='ocr_line' id='line_1_35' title="bbox 66 4143 1229 4231; baseline -0.004 -22"><span class='ocrx_word' id='word_1_267' title='bbox 66 4146 139 4209; x_wconf 85' lang='lat' dir='ltr'><strong>iloc</strong></span> <span class='ocrx_word' id='word_1_268' title='bbox 161 4164 280 4231; x_wconf 83' lang='lat' dir='ltr'><strong>quoque</strong></span> <span class='ocrx_word' id='word_1_269' title='bbox 300 4148 332 4209; x_wconf 91' lang='lat' dir='ltr'><strong>iu</strong></span> <span class='ocrx_word' id='word_1_270' title='bbox 353 4145 388 4210; x_wconf 89' lang='lat' dir='ltr'><strong>S.</strong></span> <span class='ocrx_word' id='word_1_271' title='bbox 398 4145 468 4209; x_wconf 72' lang='lat' dir='ltr'><strong>Cris</strong></span> <span class='ocrx_word' id='word_1_272' title='bbox 488 4148 636 4226; x_wconf 79' lang='lat' dir='ltr'><strong>occurrit3</strong></span> <span class='ocrx_word' id='word_1_273' title='bbox 658 4145 713 4207; x_wconf 84' lang='lat' dir='ltr'><strong>sed</strong></span> <span class='ocrx_word' id='word_1_274' title='bbox 734 4143 873 4206; x_wconf 85' lang='lat' dir='ltr'><strong>meliores</strong></span> <span class='ocrx_word' id='word_1_275' title='bbox 894 4144 1133 4207; x_wconf 70' lang='lat' dir='ltr'><strong>intorsimus</strong></span> <span class='ocrx_word' id='word_1_276' title='bbox 1154 4163 1229 4204; x_wconf 88' lang='lat' dir='ltr'><strong>sum.</strong></span> 
     </span>
    </p>
   </div>
   <div class='ocr_carea' id='block_1_7' title="bbox 65 4239 1252 4410">
    <p class='ocr_par' dir='ltr' id='par_1_11' title="bbox 65 4239 1252 4410">
     <span class='ocr_line' id='line_1_36' title="bbox 110 4239 1252 4328; baseline -0.007 -21"><span class='ocrx_word' id='word_1_277' title='bbox 110 4267 152 4307; x_wconf 78' lang='lat' dir='ltr'><strong>ec</strong></span> <span class='ocrx_word' id='word_1_278' title='bbox 177 4256 256 4308; x_wconf 82' lang='lat' dir='ltr'><strong>curt.</strong></span> <span class='ocrx_word' id='word_1_279' title='bbox 283 4243 449 4327; x_wconf 70' lang='lat' dir='ltr'><strong>deomant]</strong></span> <span class='ocrx_word' id='word_1_280' title='bbox 475 4246 507 4309; x_wconf 96' lang='lat' dir='ltr'>V</span> <span class='ocrx_word' id='word_1_281' title='bbox 528 4246 567 4308; x_wconf 82' lang='lat' dir='ltr'><strong>V:</strong></span> <span class='ocrx_word' id='word_1_282' title='bbox 596 4267 635 4309; x_wconf 78' lang='lat' dir='ltr'><strong>ex</strong></span> <span class='ocrx_word' id='word_1_283' title='bbox 661 4253 740 4306; x_wconf 82' lang='lat' dir='ltr'><strong>curt.</strong></span> <span class='ocrx_word' id='word_1_284' title='bbox 765 4243 912 4328; x_wconf 75' lang='lat' dir='ltr'><strong>publicis.</strong></span> <span class='ocrx_word' id='word_1_285' title='bbox 941 4243 1020 4326; x_wconf 85' lang='lat' dir='ltr'><strong>quod</strong></span> <span class='ocrx_word' id='word_1_286' title='bbox 1041 4243 1159 4321; x_wconf 86' lang='lat' dir='ltr'><strong>recepit</strong></span> <span class='ocrx_word' id='word_1_287' title='bbox 1180 4239 1252 4303; x_wconf 87' lang='lat' dir='ltr'><strong>Scir.</strong></span> 
     </span>
     <span class='ocr_line' id='line_1_37' title="bbox 65 4344 324 4410; baseline 0 0"><span class='ocrx_word' id='word_1_288' title='bbox 65 4344 111 4410; x_wconf 78' lang='lat' dir='ltr'><strong>C:</strong></span> <span class='ocrx_word' id='word_1_289' title='bbox 136 4346 324 4410; x_wconf 66' lang='lat' dir='ltr'><strong>decoratur.</strong></span> 
     </span>
    </p>
   </div>
   <div class='ocr_carea' id='block_1_8' title="bbox 0 0 1448 4710">
    <p class='ocr_par' dir='ltr' id='par_1_12' title="bbox 0 0 1448 4710">
     <span class='ocr_line' id='line_1_38' title="bbox 0 0 1448 4710; baseline 0 3"><span class='ocrx_word' id='word_1_290' title='bbox 0 0 1448 4710; x_wconf 95' lang='lat' dir='ltr'><strong> </strong></span> 
     </span>
    </p>
   </div>
  </div>
 </body>
</html>
