2888 4710
519 191 924 273 FRONTINUS

175 420 367 519 coartatur3
395 436 454 500 aut
476 427 623 500 tectoria
649 438 930 524 corrumpuntur,
960 424 1051 497 unde
1077 423 1166 497 fiunt
1186 425 1342 499 manatio·

174 566 257 636 ries,
286 544 412 639 quibus
439 566 590 616 necesse
617 554 672 616 est
697 543 806 616 latera
831 542 985 614 rivorum
1012 552 1047 611 et·
1072 541 1342 614 substructiones

173 659 296 732 vitiari.
346 658 447 733 Pilae
474 680 612 753 quoque
637 659 737 755 ipsae
761 658 834 732 tofo
862 667 1062 730 exstructae
1089 656 1156 729 sub
1183 666 1257 729 tam.
1276 680 1343 728 ma·

174 796 245 869 gno
272 798 377 847 onere
402 772 574 847 labuntur.
605 771 733 869 Refici,
762 797 851 870 quae
878 774 971 844 circa
998 771 1121 844 alveos
1149 782 1233 842 sunt
1257 773 1343 844 rivo·

173 912 268 982 rum⁷
303 898 438 963 aestate
463 912 532 962 non
557 886 702 985 debent,
730 913 775 962 ne
800 889 1042 962 intermittatur
1067 910 1158 958 usus
1185 897 1341 984 tempore,

174 1025 242 1098 quo
275 1006 463 1104 praecipue
497 1002 718 1079 desideratur
726 1031 737 1098 3
773 1003 839 1077 sed
870 1027 955 1075 vere
988 1003 1044 1074 vel
1077 1016 1284 1094 auctumno,
1314 1012 1344 1075 et

172 1124 323 1193 maxima
357 1145 436 1194 cum
470 1121 710 1212 festinatione,
753 1130 810 1214 ut,
850 1119 987 1193 scilicet
1020 1127 1099 1190 ante
1133 1118 1343 1215 praeparatis

173 1236 352 1330 omnibuS,
386 1260 490 1332 quam
521 1236 747 1333 paucissimis
773 1233 898 1311 diebus
924 1233 990 1306 rivi
1016 1243 1172 1306 cessent.
1222 1231 1343 1305 Nemi·

170 1373 248 1423 nem
275 1351 385 1449 fugit,
418 1376 482 1449 per
507 1351 669 1448 singulos
695 1349 821 1425 ductus
847 1348 913 1421 boc
940 1372 1025 1422 esse
1051 1347 1267 1443 iaciendum,
1293 1371 1342 1439 ne,

72 1459 147 1536 123
172 1466 203 1537 si
241 1468 362 1563 plures
400 1467 530 1565 pariter
569 1476 786 1567 avertantur,
826 1462 918 1538 desit
955 1489 1045 1560 aqua
1084 1464 1227 1536 civitati.
1281 1460 1342 1555 Ea,

171 1604 261 1676 quae
286 1607 354 1656 non
380 1583 595 1681 interpellato
622 1604 734 1682 aquae
761 1604 870 1655 cursu
896 1579 988 1653 effici
1021 1578 1166 1673 debent,
1203 1579 1343 1651 maxime

72 1770 325 1791 Μ

209 1862 328 1944 neree]
352 1863 426 1929 sm.
447 1865 528 1928 arou
548 1871 636 1929 vetra.
673 1837 681 1871 ¹

209 1970 299 2037 osnes)
323 1983 366 2025 sc.
389 1965 527 2027 rivorum.
569 1966 589 2027 J
610 1968 641 2026 et
661 1975 731 2025 rec:
753 1984 792 2026 ne
812 1982 912 2046 aquae
934 1967 986 2025 int.
1008 1980 1090 2025 ocos.

209 2063 260 2123 vet
280 2067 380 2134 auct.)
404 2061 447 2128 C:
470 2074 503 2125 ut
523 2073 606 2128 auct.
628 2065 666 2124 dc
688 2081 745 2144 qua
765 2063 979 2142 permutatione
1002 2063 1130 2122 diximus
1151 2062 1191 2121 nd
1212 2060 1283 2122 Art.
1298 2064 1340 2121 su

209 2171 256 2234 ot,
278 2163 401 2224 scilicet
420 2169 506 2236 ante)
533 2162 578 2226 lta
599 2163 727 2239 integris
749 2161 858 2224 littoris
879 2161 1020 2222 scribitur
1041 2162 1071 2221 in
1093 2156 1137 2236 03
1165 2161 1342 2221 conveniunt

168 2261 302 2336 vestigia
323 2261 367 2326 U:
390 2271 424 2323 ot
442 2283 479 2323 su
501 2261 567 2333 (vel
583 2266 631 2324 sic
646 2259 696 2322 vol
713 2256 782 2341 cci]
863 2269 951 2335 ante,
972 2262 995 2321 i.
1013 2278 1041 2322 e.
1062 2269 1096 2320 ot
1114 2259 1240 2321 scilicet
1259 2268 1341 2333 oete3

168 2359 255 2419 etiarn
280 2360 316 2423 J:
339 2371 371 2422 ot
391 2381 417 2422 s.
440 2370 526 2437 ante,
552 2361 572 2422 i.
589 2378 618 2421 c.
640 2363 674 2424 ut
695 2359 811 2421 scilicet
832 2364 909 2420 ante.
952 2358 984 2420 ln
1006 2358 1036 2420 V
1057 2357 1127 2419 ioco
1149 2356 1232 2419 illius
1255 2374 1326 2421 roos

165 2456 227 2518 buli
255 2458 360 2521 relicta
387 2460 492 2522 lacuna
517 2463 586 2537 cst3
619 2477 703 2543 quam
734 2458 858 2540 denique
889 2457 965 2520 Fet
986 2457 1034 2518 od.
1060 2476 1106 2536 pr.
1133 2457 1175 2518 ita
1200 2456 1340 2538 explent:

166 2565 202 2616 ot
224 2559 358 2638 perfecti
382 2569 454 2623 onte
473 2593 515 2603 -—
535 2563 597 2621 rivi
621 2568 722 2621 essent
747 2558 834 2631 (sic).
876 2555 909 2617 ln
939 2556 1194 2618 enuntiationibus
1219 2553 1341 2617 Jocundi

165 2660 234 2717 est:
256 2664 301 2719 ita
321 2669 353 2721 ct
373 2670 464 2734 oote‚·
492 2660 572 2740 qnod
594 2659 622 2719 in
644 2658 713 2718 edd.
735 2656 922 2737 posteriores
944 2655 1069 2718 transiit.
1090 2689 1130 2699 --
1173 2655 1206 2717 ln
1230 2651 1257 2717 0
1277 2668 1341 2717 onte

165 2756 303 2819 scribitur
319 2776 373 2837 por
390 2758 595 2838 compendium
612 2777 651 2817 an
670 2754 824 2836 (impositu
841 2755 952 2832 linea),
975 2752 1042 2832 bic,
1065 2754 1133 2817 Art.
1144 2758 1202 2815 rto
1219 2758 1252 2816 et
1266 2752 1340 2815 abibi.

83 2869 131 2920 123
204 2875 283 2917 moa.
306 2866 415 2919 struet.
444 2856 491 2921 V:
513 2860 672 2919 marimum
693 2863 847 2918 structum.
875 2853 916 2917 F:
939 2857 1067 2915 marimo
1089 2862 1222 2934 sumpto.

205 2973 291 3037 poam
314 2963 359 3029 et)
386 2956 427 3017 F:
451 2976 545 3039 puero.
571 2955 601 3018 V
617 2957 640 3018 F
662 2974 718 3018 om.
741 2964 780 3018 et.

202 3053 336 3133 fidelem)
366 3055 569 3134 Ftfideliter.

204 3153 374 3226 coloribus)
403 3154 434 3216 V
449 3156 490 3219 F:
512 3158 761 3235 temperamentis.

204 3273 243 3312 ec
268 3253 346 3314 oum.
369 3257 459 3324 som.)
489 3252 536 3316 lta
561 3253 630 3316 libri
658 3255 747 3333 editi,
775 3253 845 3314 item
870 3251 937 3313 Pol.
966 3256 997 3314 ct
1021 3252 1225 3333 posteriores,
1256 3256 1341 3315 etiam

161 3351 349 3414 Forocllinos
372 3355 400 3415 in
418 3373 448 3414 r.
466 3357 569 3415 unitos
590 3356 621 3416 et
637 3351 731 3416 altero
750 3352 818 3413 looo
835 3353 864 3412 in
881 3372 912 3413 v.
931 3352 1105 3414 corroboro.
1147 3350 1228 3412 Tres
1244 3353 1341 3414 codd:

161 3470 201 3510 es
222 3453 369 3515 comraodi
390 3462 497 3514 struet.
524 3453 636 3513 omisso
658 3452 788 3514 humore.
831 3450 914 3512 Unde
936 3447 1063 3512 Corrad.
1085 3448 1149 3527 legi
1171 3451 1276 3515 iubet:
1305 3473 1343 3515 er

161 3566 197 3608 eo
219 3549 373 3613 commode
393 3561 498 3616 struet.
542 3550 685 3628 Schzfflea¹
706 3569 852 3632 compope
872 3560 980 3613 struet.

201 3670 241 3709 ec
261 3647 399 3729 bernacro]
422 3652 490 3727 Ego
508 3654 599 3713 toturn
617 3650 713 3712 locum
730 3648 803 3726 lego
821 3654 851 3711 et
869 3650 1037 3726 distinguo:
1059 3648 1342 3715 idoneum-No-

159 3747 310 3822 vembres,
339 3753 382 3810 ito
404 3760 436 3810 ot
456 3785 497 3793 -
519 3749 725 3823 incandescit,
755 3753 885 3831 quia-
908 3767 984 3829 opos
1005 3758 1066 3825 est,
1088 3757 1122 3810 ot
1142 3757 1175 3810 et
1192 3749 1343 3811 burnoretn

161 3848 312 3908 coronando
342 3859 497 3910 strrrrturc
529 3849 693 3922 coeredibus,
725 3858 756 3909 ct
784 3852 815 3910 itt
845 3852 988 3909 unitatem
1019 3846 1251 3923 corroboretur,
1282 3867 1343 3909 uon

159 3948 255 4006 tainus
282 3958 379 4008 notem
401 3950 451 4009 sol
471 3952 575 4010 uerior
597 3969 683 4033 porum
703 3948 817 4028 petatio
838 3951 1029 4028 praecipitat
1057 3946 1192 4028 [pendet
1212 3965 1230 4007 a
1252 3952 1341 4030 puio)

158 4047 322 4105 roraterioor.
364 4048 437 4108 Nec
454 4047 545 4108 collocor
563 4084 600 4094 —
619 4047 803 4109 obstaturam
819 4057 867 4109 est
874 4066 890 4123 ,-
908 4047 986 4126 fides
1002 4050 1103 4128 itaque
1120 4049 1177 4107 eto.
1200 4044 1341 4107 liniunt.

157 4143 260 4220 bingis
289 4144 384 4223 probo
414 4147 679 4229 interpunctionem
707 4146 812 4208 aPol.
835 4147 1007 4222 vulgatam:
1036 4145 1181 4208 Idoneom
1203 4179 1244 4188 —
1265 4145 1341 4207 No-

155 4242 303 4318 vembres,
336 4250 382 4305 ito
403 4253 435 4305 ut
455 4281 496 4291 -
517 4246 729 4309 incandescit:
762 4251 833 4328 prtia
853 4280 894 4287 -
921 4245 1142 4307 corroboretur.
1184 4244 1261 4306 Noa
1281 4251 1342 4307 rai-

153 4360 209 4401 nos
226 4376 264 4383 --
281 4349 461 4409 rrroterirrm:
493 4365 549 4406 nec
571 4346 662 4405 nilion
680 4380 714 4389 -
735 4356 790 4407 est.
833 4345 929 4408 Fides
950 4349 1053 4426 itaque
1075 4349 1132 4406 etc.
1160 4362 1255 4425 aqua
1277 4364 1341 4422 ego
