2888 4710
76 188 151 263 110
407 194 411 203 '
517 182 919 265 ru0Nu1N1Js

176 424 389 519 signatus
425 420 613 514 flueret,
649 434 692 494 et
723 431 829 492 tunc
859 417 1028 492 demum
1054 427 1344 491 renovaretur

177 537 467 630 beneficium,
520 558 614 609 cum
665 535 875 609 desisset
923 535 1123 632 quisque
1175 556 1231 605 ex
1277 532 1342 625 iis,

175 653 341 747 quibus
377 651 522 725 datum
557 662 670 746 erat,
705 648 958 747 possidere.

247 768 469 865 impetratam
496 792 620 867 aquam
648 767 733 861 aiio,
761 790 864 864 quam
889 767 924 838 in
951 790 994 839 ea
1018 762 1184 862 praedia,
1213 763 1247 837 in
1264 787 1345 861 quae

174 882 252 955 data
285 897 377 977 erat,
414 895 473 957 aut
508 909 553 958 ex
587 884 653 958 alio
687 882 853 979 castello,
889 904 993 978 quam
1025 904 1073 953 ex
1103 903 1174 975 quo
1207 880 1346 977 epistola

174 999 348 1097 Principis
382 999 587 1095 continebit,
624 998 704 1072 duci
736 998 851 1096 palam
883 1009 941 1070 est
970 1020 1038 1070 non
1070 1006 1256 1095 oportere,
1288 994 1346 1071 sed

173 1125 206 1187 et
229 1114 400 1188 mandatis
425 1114 638 1213 prohibetur.

74 1228 147 1301 110
245 1230 481 1329 impetrantur
513 1242 628 1304 autem
660 1239 694 1302 et
725 1253 789 1303 eae
816 1251 947 1324 aquae,
981 1251 1073 1324 quac
1099 1224 1258 1301 caducae
1282 1250 1347 1301 ro·

171 1358 307 1441 cantur,
336 1346 371 1418 id
399 1360 454 1418 est
479 1357 537 1418 aut
562 1370 606 1419 ex
634 1345 790 1419 castellis
817 1356 877 1417 aut
901 1369 947 1417 ex
968 1342 1224 1418 manationibus
1250 1342 1347 1417 fistu-

171 1464 291 1535 larum.
343 1459 450 1553 Quod
481 1460 688 1536 beneficium
714 1486 735 1533 a
761 1461 985 1558 Principibus
1010 1460 1223 1558 parcissime
1248 1459 1347 1533 tribui

170 1579 320 1651 solitum.
374 1576 450 1651 Sed
476 1576 656 1650 fraudibus
683 1579 904 1671 aquariorum
931 1577 1120 1650 obnoxium
1145 1586 1214 1648 est.
1259 1571 1348 1665 Qui·

170 1697 236 1767 bus
262 1692 486 1790 prohibendis
514 1703 640 1789 quanta
667 1717 751 1765 cura
778 1691 964 1785 debeatur,
992 1716 1038 1766 ex
1064 1692 1180 1789 capite
1206 1689 1347 1765 manda·

169 1823 283 1882 torum
309 1810 529 1881 manifestum
558 1810 638 1904 erit,
667 1806 760 1904 quod
786 1808 932 1882 subieci.

71 1924 144 2000 111
245 1923 473 2000 Caducam
511 1925 727 1998 neminem
764 1924 866 1997 volo
905 1922 1099 2017 ducere,
1152 1923 1244 1996 nisi
1282 1924 1348 2018 qui

168 2064 262 2114 meo
295 2039 529 2113 beneficio
561 2051 636 2112 aut
661 2041 863 2137 priorum
895 2040 1152 2136 Principum
1184 2037 1348 2112 babent.

65 2243 300 2263 Μ

87 2349 134 2402 ¹¹⁰
209 2355 674 2433 etaacJVetcddtctduc.

210 2451 244 2512 id
271 2462 319 2516 est
338 2463 393 2516 aut
412 2459 502 2530 etur
529 2457 609 2518 Trea
630 2455 717 2517 codd.
739 2460 771 2519 ei
790 2456 858 2520 edd.
879 2456 1121 2518 vetustissimae:
1152 2453 1189 2515 id
1209 2465 1261 2517 cst
1279 2474 1348 2540 quac

166 2564 220 2614 cut
238 2574 278 2616 cr
299 2562 377 2616 cusi.
398 2564 454 2617 aut
473 2575 512 2618 ec
532 2574 610 2619 mun.
652 2555 733 2618 luter
757 2573 833 2638 quae
863 2554 958 2617 verba
985 2559 1058 2634 post
1079 2552 1221 2618 castellis
1243 2554 1347 2617 locru-

169 2655 224 2712 dus
246 2654 358 2733 primus
380 2672 435 2714 sua
455 2672 539 2715 manu
562 2654 687 2717 inseruit
707 2655 841 2736 effluunt,
864 2671 989 2734 eumque
1009 2656 1106 2716 secuti
1127 2660 1198 2717 sont
1218 2655 1347 2716 editores

167 2753 353 2831 posteriores
371 2772 474 2815 ornnes
497 2758 545 2826 (ct
566 2756 644 2814 inter
664 2752 741 2816 aiios
757 2754 841 2813 viros
863 2751 970 2814 doctos
987 2755 1075 2815 eiiam
1092 2752 1255 2815 Forccliin.
1277 2755 1306 2815 in
1318 2770 1345 2813 r.

167 2851 312 2913 caducos.
332 2851 465 2930 ,scalig
487 2853 517 2913 in
540 2852 679 2916 Coniect.
707 2853 745 2913 ad
766 2851 853 2912 Varr.
881 2852 917 2914 L.
940 2850 975 2913 L.
998 2851 1052 2914 iv.
1075 2851 1243 2930 Rhodigin.
1266 2852 1346 2915 beet.
1387 2882 1391 2893 ·

166 2949 240 3012 Ant.
262 2949 337 3012 XIV
361 2956 426 3023 14).
470 2950 554 3012 Dicit
574 2952 691 3033 quidem
714 2955 818 3014 noster
837 2949 907 3014 Art.
930 2966 1014 3032 serp:
1052 2971 1091 3012 cc
1119 2952 1262 3014 castellis
1290 2950 1349 3012 uia·-

165 3067 254 3132 qocm
279 3059 397 3132 purtem
418 3069 519 3132 cquae
539 3050 674 3130 effluere.
717 3049 780 3112 Sed
809 3051 905 3112 minus
931 3050 1010 3112 bene
1037 3048 1108 3111 iilud
1130 3050 1256 3112 verbum
1277 3066 1348 3113 cou-

165 3149 250 3211 renit
270 3148 332 3211 illis
354 3170 393 3211 er
413 3148 646 3225 munctionibus,
664 3149 781 3211 etiamsi
792 3166 933 3228 praepos.
948 3168 987 3210 cc
999 3146 1367 3231 interpreteristurcir,

165 3249 195 3309 in
216 3247 351 3326 1111311ι
391 3245 517 3311 Corrad.
540 3251 572 3309 et
593 3246 666 3309 Scir.
689 3247 779 3308 codd.
803 3247 963 3310 lectionem
984 3248 1122 3312 retinent.
1144 3247 1215 3325 ugo
1233 3266 1350 3331 quoquo

165 3345 259 3410 libros
281 3352 406 3410 secutus
427 3364 504 3425 sum,
525 3347 581 3407 sed
603 3346 776 3408 necessario
800 3348 888 3408 etiarn
910 3345 1012 3408 deleto
1034 3365 1170 3426 pronon.
1192 3367 1285 3429 quaa
1304 3348 1351 3409 ni-

166 3445 267 3506 mirum
298 3448 430 3527 repetito
459 3464 478 3507 a
503 3444 634 3508 librariis
661 3461 704 3506 ex
731 3444 992 3525 praecedentibus.
1035 3444 1196 3524 Intelligas
1235 3451 1350 3509 autern:

167 3560 273 3624 aquae,
295 3564 371 3626 quae
394 3548 524 3608 caducae
545 3547 702 3619 vocantur,
723 3544 754 3609 id
775 3548 836 3621 est,
858 3543 989 3605 caducae
1011 3544 1183 3621 (cadentes,
1206 3562 1285 3626 quae
1300 3562 1351 3606 ca-

167 3639 253 3712 dunt)
275 3648 326 3704 aut
346 3662 386 3705 ex
409 3644 558 3722 castellis,
580 3645 632 3706 aut
653 3643 782 3704 caducae
804 3661 845 3704 cx
866 3643 1085 3705 ieiunationibus
1106 3642 1282 3707 fistularum.
1380 3658 1383 3663 '

206 3738 271 3800 Sed
288 3740 414 3819 fraud.)
436 3743 540 3820 Lego:
562 3751 595 3805 et
610 3742 719 3824 fraud.
741 3740 877 3803 blumii.
900 3775 941 3784 -
960 3739 1035 3823 erit)
1058 3739 1103 3805 U:
1124 3751 1202 3807 crat.

101 3840 146 3890 111
204 3837 379 3917 Caducam)
401 3838 444 3903 U:
467 3841 633 3903 Caducom.
654 3839 685 3902 V
706 3839 747 3902 F:
770 3839 927 3902 Cadurcum
947 3860 1005 3902 occ
1025 3845 1115 3927 etium
1129 3843 1213 3904 colo.

206 3934 308 4009 Num)
341 3935 368 3998 U
388 3937 418 3998 V
439 3937 479 4001 F:
500 3938 586 4001 Noc.
617 3938 746 4013 Scilicet
767 3939 871 4000 codem
894 3956 985 4017 saepe
1008 3941 1188 4020 compendio
1209 3960 1230 4004 s
1252 3940 1355 4025 (linea

167 4040 342 4097 transversa
365 4035 520 4115 inposita)
543 4038 749 4102 exarabantur.
909 4039 912 4049 '

208 4132 347 4214 effluere)
370 4132 410 4193 i':
432 4134 568 4213 afficere.
589 4167 631 4179 —-
649 4134 819 4217 pertineat)
841 4134 884 4197 U:
903 4139 1092 4216 permulceat.

206 4229 438 4305 abluendarum)
465 4231 652 4295 Foedissinre
673 4236 704 4296 in
725 4235 755 4296 V
776 4237 799 4299 F
819 4236 973 4314 pergitur:
1011 4237 1231 4302 abluendarum
1258 4245 1356 4303 innati

163 4350 238 4394 caua
256 4329 458 4411 pertinebant.
500 4330 575 4393 Noe
596 4332 634 4393 ab
657 4352 691 4392 rc
711 4342 779 4414 est,
801 4335 948 4415 quaedam
969 4358 1008 4400 eu
1028 4341 1069 4400 iis
1089 4338 1198 4418 cuibus
1219 4343 1355 4403 circum-
