2888 4710
426 201 498 279 DE
524 200 714 299 loonio
739 202 1021 288 nocemus.
1317 204 1366 281 oo

81 435 277 511 iudiciis
313 450 480 511 vocent
511 440 714 536 privatis
748 438 1056 538 publicisque.
1081 475 1131 493 *-
1181 414 1303 538 Ap·'

82 555 257 649 punitores
290 565 325 626 et
354 555 564 650 ministerio,
601 555 764 654 quumvis
790 566 998 652 perseveret
1023 555 1136 630 adbuc
1162 581 1265 629 aera-

83 672 171 743 rium
211 671 246 744 iu
284 692 349 744 eos
383 693 554 767 erogare,
595 682 709 744 temen
743 695 828 746 esse
861 671 1071 746 (iuratorum
1103 671 1265 745 videntur

84 784 228 860 desisse
255 786 378 859 menie
404 810 446 859 ac
467 789 618 884 segnitia
639 812 707 860 non
729 779 907 886 agentium
925 786 1088 861 cilicium.
1121 783 1267 885 Egres-

82 907 136 975 sis
170 913 287 974 autem
318 900 452 978 Urbem
485 902 661 976 dumtaxat
696 901 856 1002 agendae
888 903 938 976 rei
970 926 1080 976 causa
1105 901 1264 979 Senatus

82 1030 225 1116 praesto
256 1041 340 1091 esse
364 1018 507 1093 lictores
533 1025 700 1095 iusserat.
749 1018 867 1093 Nobis
893 1019 1188 1093 circumeuntibus
1214 1020 1264 1091 ri-

81 1158 150 1208 vos
185 1133 275 1207 iides
301 1128 427 1207 nostra
449 1146 483 1238 et
509 1137 699 1209 auctoritas
725 1161 746 1208 a
771 1136 939 1233 Principe
965 1134 1045 1207 data
1070 1156 1134 1231 pro
1160 1135 1263 1208 licto·

78 1251 179 1325 ribus
202 1251 276 1322 erit.

118 1366 123 1377 ’
155 1364 252 1443 cum
271 1365 539 1463 perduxerimus
559 1392 633 1441 rem
654 1365 698 1441 ad
717 1368 853 1441 initium
866 1362 1097 1461 cartorum,
1120 1387 1188 1439 non
1210 1376 1267 1437 est
1291 1364 1366 1438 102

72 1481 231 1557 alienum
259 1482 492 1581 subiungere,
529 1485 588 1582 qui
618 1496 701 1582 post
731 1485 929 1560 Messalam
959 1482 1041 1557 buic
1073 1480 1188 1555 oiiicio
1221 1480 1265 1552 ad

70 1803 154 1867 quoe
183 1783 385 1847 inconstantia
413 1788 592 1864 potestatem
619 1780 708 1845 nobis
736 1779 900 1865 particulae
928 1782 1015 1845 etiam
1037 1781 1095 1844 alio
1117 1782 1186 1842 loeo
1209 1784 1259 1842 in-

72 1883 226 1947 serendae
254 1884 409 1962 concedit3
444 1889 502 1945 lom
535 1885 703 1964 scopentur
736 1884 891 1945 levissimo
923 1884 1046 1945 motatio
1075 1886 1141 1959 est,
1176 1900 1261 1961 qrrom

73 1984 112 2045 S.
136 1981 174 2048 C.
197 1987 301 2043 natura
322 1983 485 2060 efflagitat3
510 1986 638 2065 deniquo
660 1993 772 2048 vacent
792 1980 864 2064 [pro
886 2000 946 2064 quo
968 1980 1073 2042 Heinr.
1094 1981 1261 2057 vacarent)

74 2083 244 2164 respondet
266 2082 412 2162 superiori
435 2084 544 2146 locent.

118 2188 263 2262 cropore)
285 2181 390 2246 codo:
413 2193 526 2261 erepet.
548 2182 632 2264 quasi
649 2180 809 2244 Frontinus
825 2178 1017 2262 reliquissett
1037 2181 1174 2258 quamvis
1188 2194 1264 2257 per-

74 2290 255 2345 seueranter
281 2280 383 2342 adbuc
410 2285 562 2343 aerarium
590 2285 621 2342 in
648 2299 703 2343 coe
728 2290 841 2362 erepet.
875 2278 1020 2342 Fortasse
1047 2279 1143 2338 tamen
1170 2294 1262 2337 sonos

77 2378 301 2464 [perseveret]
324 2382 457 2442 mendum
479 2382 671 2460 provocavit.

118 2491 220 2542 tumeo
240 2484 324 2552 esse)
347 2480 430 2543 boo:
456 2489 556 2541 iernen
577 2484 678 2541 etiam.
700 2498 731 2542 v.
749 2476 877 2541 Annuit.

119 2580 254 2651 desisse)
278 2580 362 2642 lldd:
384 2579 525 2640 desiisse.

118 2678 285 2759 Epreooic)
307 2678 352 2740 V:
375 2681 514 2758 Aprensi.
553 2676 635 2741 lidd:
657 2674 799 2757 Epreesi.

118 2776 260 2858 upeudae
280 2783 326 2839 rei
333 2776 348 2856 J
372 2778 416 2838 V:
438 2795 514 2856 ope:
535 2796 592 2838 nee
613 2779 670 2838 rei.
713 2776 754 2843 F:
776 2783 890 2856 aponi:
912 2779 1040 2838 neerei.

116 2877 266 2959 perdux.)
289 2876 319 2938 V
334 2876 352 2936 J
368 2877 410 2938 B:
432 2876 522 2958 prod.
529 2921 538 2951 ,
561 2875 707 2956 probante
729 2872 801 2938 seh.
1299 2887 1344 2937 roe

115 2972 327 3058 praefuerint)
351 2973 436 3038 Vi:
456 2975 666 3057 praefuerunt.

120 3074 256 3149 Pisaeo)
277 3074 308 3136 V
325 3078 356 3136 et
371 3072 447 3137 edd:
469 3074 547 3137 Silio
564 3084 596 3136 ct
611 3073 740 3136 Plancio
765 3070 939 3156 (Plautio).
965 3070 1077 3135 Verum
1100 3068 1142 3132 Ut
1164 3069 1262 3131 Plano

79 3184 108 3235 et
131 3174 230 3238 Silue.
267 3172 311 3237 Gt
332 3172 470 3237 Plancus
489 3183 520 3236 et
540 3174 650 3238 Silius.
687 3171 780 3236 Coss.
804 3177 888 3236 eruut
909 3174 1071 3235 secundnm
1093 3170 1261 3232 Frontinum

82 3293 105 3334 o.
128 3271 167 3335 U.
191 3276 262 3337 toi.

118 3376 153 3437 0.
168 3375 281 3436 Asinio
301 3372 358 3447 Ρ.)
380 3370 463 3437 lidd:
484 3372 525 3434 Ι..
543 3373 685 3449 Morbo,
707 3372 741 3436 0.
757 3375 831 3435 Ant.
857 3371 986 3452 Pighius
1008 3367 1129 3442 (uili.
1146 3371 1263 3447 p553)

83 3469 112 3534 i.
132 3470 280 3535 Marcium
307 3473 439 3534 sonasse
466 3470 627 3534 Consulem
655 3472 808 3534 suffectum
836 3472 933 3533 inisse
959 3471 1141 3548 suspicatur.
1183 3464 1261 3527 lilibi

82 3588 170 3649 rero,
202 3588 266 3633 curn
293 3573 323 3634 in
352 3574 448 3634 tribus
477 3573 563 3634 codd.
591 3571 697 3635 lacuna
723 3569 904 3653 relinquntur
932 3567 1097 3651 (Camoni
1117 3606 1260 3630 ......

81 3670 295 3746 amidio),
317 3669 461 3733 Polenum
483 3671 568 3752 sequi
589 3673 684 3733 salius
705 3669 875 3749 videbatur,
897 3672 947 3752 poi
970 3672 1118 3745 collegam
1140 3684 1180 3727 ex
1200 3663 1261 3725 Fa-

79 3770 135 3833 riis
156 3770 324 3851 supplevit.
365 3769 459 3831 lirant
481 3768 572 3832 Coss.
595 3789 622 3830 o.
645 3768 681 3831 U.
699 3772 768 3831 iii.

118 3868 236 3932 Tarius
255 3866 374 3950 Rufus)
396 3889 429 3930 v.
452 3869 578 3931 Annuit.

115 3966 247 4042 Seruio)
275 3965 319 4030 G:
348 3978 379 4031 et
403 3966 523 4030 Servio.
568 3966 612 4030 U:
639 3975 672 4029 ct
696 3968 815 4048 Seprio.
860 3968 905 4030 V:
933 3977 965 4032 et
987 3965 1126 4047 Superio.
1169 3960 1210 4025 F:
1232 3972 1263 4024 ct

72 4066 199 4147 Serpio.
240 4067 466 4148 J13280rpro.
507 4068 599 4129 Erant
620 4064 709 4128 Coss.
732 4085 759 4129 a
781 4066 819 4129 U.
843 4070 913 4131 115.

115 4166 163 4229 D.
173 4163 305 4230 Nereae
320 4171 415 4240 ceos)
436 4162 482 4227 U:
504 4163 800 4243 CocceiusNereae,
824 4166 884 4244 dite,
905 4166 1035 4232 Nereae
1051 4169 1137 4228 cotue
1153 4174 1259 4231 scient.

71 4262 121 4329 V:
144 4263 277 4329 Nemee
297 4270 385 4328 euius
404 4268 536 4329 scientia
556 4269 633 4328 virio
655 4264 834 4329 illustribus.
866 4268 962 4330 litium
986 4265 1054 4325 edd.
1077 4289 1136 4330 orn.
1158 4275 1259 4331 etium.

72 4363 150 4428 Seu.
176 4360 249 4444 (iv.
274 4361 330 4446 11)
357 4365 450 4428 verba
470 4367 603 4427 seientia
624 4368 715 4427 ctiam
735 4371 812 4429 ioris
833 4366 962 4430 illustris
983 4363 1168 4441 glossatoris
1190 4387 1259 4430 csse

998 4463 1062 4528 'st
