2888 4710
496 158 935 240 ANNO'lld'leNES.
1284 159 1358 236 lit

156 404 190 463 ia
207 430 250 445 ·-·
270 398 509 461 commentorium
540 394 681 474 emat)
725 394 839 457 lindum
864 392 990 455 formula
1016 391 1149 455 Frontis.
1184 392 1220 455 de
1247 390 1356 459 colom

68 516 106 581 ia
127 514 255 595 stupu
275 512 321 576 rei
340 530 440 592 aprar.
460 531 493 593 p.
509 515 569 575 loti
590 515 622 574 et
639 514 697 575 14²
717 511 766 573 ed.
783 508 876 573 (lues.

154 629 274 712 forma)
302 627 381 707 hog.
405 626 552 711 formala.
594 625 663 689 Art
681 629 737 689 iix
763 625 898 705 formula
919 623 1025 705 offleii.
1067 623 1357 706 {utrumquem

75 746 214 809 Brlssom
240 763 275 807 u.
295 742 420 807 Fonta-
463 741 582 822 Siglum
606 742 700 824 surm.
727 741 806 820 apud
834 739 949 803 Gaium.
992 737 1040 803 Gi.
1069 739 1206 801 Solmltn.
1235 739 1357 804 Grund-

75 859 140 940 leg.
160 879 192 942 p.
208 863 280 923 oet.
301 862 366 934 not.
385 862 433 920 10.
455 858 594 921 lllllNR.
622 856 768 921 Formutu
788 855 851 920 te.
872 862 992 917 norma.
1006 855 1128 933 Forma,
1141 858 1227 917 utiam
1243 859 1281 919 ud
1295 858 1357 920 liu-

74 994 177 1068 gnam,
198 978 376 1038 auctoritato
398 974 577 1037 destituitur.

135 1086 445 1174 'posteuperimenta
464 1099 495 1150 et
514 1092 614 1159 asma)
637 1085 745 1150 Cicero
767 1104 908 1168 nusquam
930 1089 1149 1167 experimenta,
1177 1087 1271 1150 seriel
1287 1092 1356 1152 tau-

76 1209 138 1269 tum
159 1208 402 1288 experimentum.
444 1202 550 1265 Itidem
582 1201 701 1266 Liuius.
727 1201 854 1265 Sallust.
895 1205 1106 1281 experientiis
1128 1207 1275 1281 copniium
1300 1213 1359 1283 est,

77 1320 173 1384 durolr
193 1319 352 1399 gemaelrte
372 1317 593 1395 lirirtlrrungeu.
625 1317 802 1395 Argenteus
824 1319 913 1379 sumti
937 1319 989 1377 vix
1012 1317 1090 1378 aliud
1110 1318 1287 1381 vocabulum
1301 1323 1359 1387 tam

77 1438 298 1519 frequentatum
332 1435 364 1495 et
391 1435 473 1513 sing.
505 1436 536 1495 et
562 1432 638 1512 plur.
667 1451 799 1494 numero.
842 1432 957 1492 Plinius
979 1434 1072 1492 maior
1092 1432 1214 1494 induitis
1235 1431 1311 1497 locis
1329 1438 1362 1500 et

76 1555 309 1635 experimentum
336 1547 410 1611 dicit
440 1551 471 1610 et
497 1552 719 1630 experimenta,
747 1546 917 1609 Versucluc.
965 1546 1138 1632 Quintilian.
1172 1548 1240 1611 item
1262 1549 1286 1613 l.
1309 1556 1360 1629 ln,

78 1675 111 1730 8.
140 1669 171 1729 el
195 1664 252 1727 xi.
274 1670 311 1742 2,
332 1666 389 1727 42:
417 1665 629 1746 experimentis
656 1663 900 1744 deprehenditur.
943 1661 1022 1722 Idem
1046 1661 1085 1723 ll.
1110 1666 1164 1740 tt,
1196 1669 1255 1730 15:
1285 1665 1362 1749 plu-

77 1785 167 1845 rimis
192 1782 404 1863 experimentis
429 1812 471 1823 -
497 1786 619 1840 constat
639 1797 693 1841 ars
721 1777 855 1841 dicendi.
902 1777 942 1838 ll.
973 1782 1026 1855 li,
1053 1781 1092 1841 o:
1127 1778 1279 1843 medicina
1284 1822 1297 1858 ,
1330 1785 1365 1845 ut

79 1895 261 1980 quidusdam
285 1894 408 1975 placet,
441 1901 507 1956 tcta
528 1903 648 1955 constat
668 1897 890 1977 experimentis.
913 1891 953 1953 Π.
978 1898 1030 1969 15,
1052 1900 1087 1956 5:
1109 1893 1193 1956 Nam
1214 1899 1245 1959 in
1266 1899 1363 1959 omni-

80 2012 139 2076 drrs
158 2011 227 2092 fere
246 2011 343 2071 misus
363 2007 466 2071 nalem
491 2017 664 2092 praecepta
685 2029 771 2092 mam
791 2012 1006 2092 experimenta.
1033 2008 1079 2072 IV
1108 2015 1142 2089 2,
1164 2016 1221 2075 86:
1249 2016 1364 2076 aaron

81 2127 307 2209 experimentis.
354 2121 411 2184 Xl.
428 2127 477 2215 ι2,
505 2129 565 2186 33:
598 2127 628 2185 si
664 2125 739 2208 quid
765 2143 811 2187 me
841 2127 1048 2207 experimenta
1082 2128 1154 2198 (dio
1185 2127 1365 2205 gemachtou

82 2239 313 2319 lirialrruugeu)
337 2235 513 2301 tacuermt.
556 2238 657 2301 Tacit.
679 2240 760 2303 Hist.
783 2240 807 2301 Ι.
832 2244 886 2304 il:
906 2246 981 2322 post
999 2245 1234 2323 experimentum
1254 2241 1367 2304 domini

49 2332 55 2357 ⁸
84 2358 223 2418 rrrirroris.¹
263 2354 527 2433 Experimentum,
559 2348 713 2436 ἦπεῖρα,
741 2359 948 2439 experientia,
976 2348 995 2436 ἦ
1019 2351 1181 2437 ἐμπειρία.
1222 2357 1278 2420 llla
1298 2360 1366 2421 slu-

82 2470 161 2551 gula
188 2468 318 2532 eollccta
344 2470 430 2551 quasi
458 2486 596 2529 summam
629 2466 762 2531 efficiunt
790 2473 1027 2551 experientiam
1060 2473 1092 2532 et
1123 2474 1366 2553 quemadmodum

64 2590 67 2595 ’
84 2568 276 2666 experientia
297 2587 328 2645 et
344 2605 418 2645 usus
439 2583 580 2664 copulate
596 2582 692 2662 vulgo
708 2585 768 2645 dici
781 2584 883 2647 solent
906 2580 1064 2665 [Rhodius
1077 2586 1114 2647 ad
1128 2586 1219 2663 Largi
1236 2586 1366 2665 Praei),

85 2703 133 2763 sie
161 2702 369 2782 superimeutu
389 2703 420 2761 ct
441 2717 524 2761 usum
546 2698 690 2777 coniungi
711 2698 786 2761 nihil
808 2701 926 2761 omnino
956 2699 1099 2763 obstabit.
1131 2699 1270 2765 Hllell.

121 2892 125 2901 Ι
168 2812 208 2878 1η
235 2804 311 2875 eliis
336 2822 435 2874 autem
461 2812 549 2875 literis
568 2847 610 2857 —
637 2812 863 2877 succedentium
883 2834 934 2879 res
954 2825 1027 2877 acta
1047 2816 1119 2896 est)
1157 2816 1243 2877 Bene
1271 2816 1367 2880 inter-

85 2932 223 3013 pretatur
247 2927 396 2990 Poleuus:
427 2927 483 3006 „in
508 2928 578 2991 aliis
595 2927 681 2991 ituris
702 2930 927 2992 succedentium
949 2930 1074 2993 utilitati
1095 2930 1265 2997 eonsultum
1286 2932 1367 2995 est.“

85 3046 153 3109 Jam
182 3045 249 3106 sive
277 3044 334 3105 atii
362 3042 432 3104 libri
461 3047 546 3106 eruut
570 3042 639 3105 dibri
666 3042 960 3124 strategematicum,
989 3047 1058 3107 sive
1082 3045 1152 3109 libri
1173 3047 1211 3108 do
1232 3065 1265 3108 re
1286 3047 1368 3109 mlli-

87 3161 165 3237 tari3
199 3158 400 3221 succedentes
426 3161 496 3220 sunt
523 3158 596 3222 belli
624 3160 733 3239 duces,
768 3162 817 3241 qui
852 3159 1003 3240 Frontinl,
1036 3160 1087 3243 qui
1122 3161 1189 3240 lpse
1222 3163 1369 3244 quondam

88 3252 251 3353 imperator
285 3276 400 3353 lucrat,
436 3273 600 3353 diligenter
632 3250 823 3354 perlustratis
856 3274 1024 3361 enemplls,
1065 3279 1099 3338 ut
1135 3275 1205 3341 iude
1242 3277 1370 3339 fructum

88 3390 227 3473 capiant,
255 3390 378 3450 antimum
406 3388 585 3462 adiungunt.
628 3390 668 3451 lit
699 3390 827 3452 doeendi
857 3408 948 3453 eausa
966 3390 1126 3453 Frontinus
1147 3389 1371 3470 strategemata

87 3504 234 3583 scripsit:
257 3503 306 3564 ita
327 3507 413 3579 enim,
437 3504 481 3564 sii
500 3504 529 3565 ‘u
549 3505 687 3582 Possint,
710 3506 833 3568 consilii
853 3524 970 3588 quoque
988 3514 1021 3568 et
1035 3505 1248 3588 prouidentiae
1267 3527 1371 3571 mem-

86 3620 154 3701 plis
182 3621 333 3680 stret-incti
360 3618 455 3680 tiraces
483 3628 593 3696 errtut,·
628 3619 707 3682 uude
733 3620 800 3681 iltis
826 3619 1022 3700 encopiturdi
1047 3620 1231 3705 emendique
1256 3625 1371 3687 similia

87 3734 230 3815 facultas
250 3737 409 3796 nutriatur.
452 3733 619 3797 Praeterea
645 3738 808 3815 cautinpet,
839 3753 876 3795 me
901 3734 941 3797 de
966 3743 1075 3799 euentu
1102 3736 1236 3819 trepidet
1261 3743 1369 3802 inuen-

89 3852 185 3911 tionis
214 3867 305 3923 suae,
340 3853 391 3932 qui
428 3848 568 3930 probatis
598 3870 664 3911 eam
696 3853 909 3931 erperimemis
940 3850 1138 3932 comparabit.
1167 3856 1200 3915 et
1230 3855 1368 3920 utilitatis

91 3977 203 4025 eausa:
242 3959 331 4043 Opus
356 3964 433 4041 tac,
466 3963 575 4025 ibidem
595 3964 686 4043 dicit,
712 3968 793 4027 sieut
814 3974 932 4042 cetera,
957 3970 1155 4051 usurpatius
1175 3968 1307 4033 aliorum
1326 4006 1370 4021 -·

33 4131 42 4148 ‚
91 4096 191 4139 causa
210 4098 374 4159 appressus
394 4099 469 4140 sum.
490 4079 578 4140 Hune
599 4083 694 4140 autem
716 4079 803 4142 linem
824 4099 861 4143 eo
883 4081 980 4161 magis
1001 4081 1122 4163 assequi
1137 4087 1267 4163 poterat,
1289 4089 1369 4169 quod

90 4191 186 4252 libros
203 4191 272 4254 illos
288 4195 462 4264 condiderat
480 4205 553 4276 post
573 4199 777 4276 asperimenta
796 4202 828 4259 et
846 4216 952 4272 usum,·
979 4215 1102 4280 nomque
1123 4198 1189 4278 ipse
1209 4199 1281 4262 loelli
1304 4203 1366 4266 dux

91 4308 190 4369 iuerat
205 4312 238 4370 et
258 4307 375 4370 Silures
409 4311 438 4371 iu
469 4311 621 4397 Britannia
647 4310 861 4395 Lingonesque
892 4309 923 4378 t'u
949 4311 1048 4377 Gallia
1075 4310 1255 4380 subiecerat.
1296 4317 1365 4381 Do-

1010 4427 1108 4496 10*
