2888 4710
421 187 494 267 ult
519 187 711 284 Aounu
742 184 1023 270 nocuistis

72 419 267 525 Augusto,
294 428 416 501 nescia
438 425 660 523 ‚diligentiore
683 449 726 498 an
742 425 933 498 amantiore
946 424 998 497 rei
1011 424 1171 520 publicae
1188 419 1264 498 lm·

72 553 252 641 peratore,
280 566 448 639 aquarum
472 544 663 616 iniunctum
692 540 856 635 osticium,
884 550 957 615 tum
982 539 1027 614 ad
1051 565 1167 637 usum,
1194 551 1267 613 tum

74 655 123 760 ad
148 659 387 733 salubritatem
420 668 524 755 atque
558 660 661 731 etiam
694 657 739 730 atl
766 659 991 731 securitatem
1018 657 1129 733 Urbis
1156 658 1265 754 perti·

74 796 179 868 nenS,
207 773 481 847 administratum
506 798 570 873 per
595 774 772 871 principes
800 797 942 872 semper
959 774 1108 847 civitatis
1125 784 1268 845 nostrae

75 891 200 965 cives:
236 893 381 989 primum
415 915 458 963 ac
491 891 712 989 potissimum
737 891 919 985 existimo,
961 892 1053 963 sicut
1077 890 1112 960 in
1137 888 1266 962 ceteris

75 1007 234 1103 negotiis
267 1008 496 1104 institueram,
531 1028 642 1080 nosse
680 1006 775 1103 quod
808 1007 965 1104 suscepi.
1015 1004 1144 1101 Neque
1177 1004 1267 1078 enim
1316 993 1343 1072 2

75 1123 190 1201 ullam
223 1124 336 1196 omnis
375 1135 477 1196 actus
503 1124 634 1196 certius
661 1122 920 1201 tundamentum
947 1120 1174 1215 crediderim3
1211 1128 1271 1193 aut

80 1456 84 1461 ,
121 1408 204 1453 nanc
218 1389 307 1465 inilia]
324 1386 354 1451 V
370 1394 401 1451 et
418 1388 486 1452 cdl.
502 1385 574 1450 ntia·
589 1406 679 1451 nanc.

121 1493 171 1553 rei
189 1488 334 1573 pullione
350 1489 441 1572 drap.)
465 1489 487 1549 F
507 1486 552 1549 0:
570 1482 757 1570 reipublicae
779 1495 810 1550 et
828 1490 956 1572 imperii.

121 1600 185 1653 tarn
204 1586 249 1651 ad
269 1595 368 1664 usum)
394 1588 461 1653 Pol.
487 1608 543 1652 oni.
566 1596 636 1650 tarn.
660 1589 802 1651 lictincnt
825 1589 890 1650 libri
914 1608 1033 1669 aranea,
1062 1591 1148 1653 ctiam
1165 1585 1271 1666 Paris,

78 1685 270 1773 praetenti,
303 1688 334 1749 ia
357 1706 415 1768 quo
440 1687 514 1748 illud
544 1682 702 1748 alibrario
732 1695 856 1767 prender
883 1690 1005 1751 similem
1035 1690 1273 1769 praescientium

80 1786 296 1852 vocabulorum
316 1789 426 1849 exitum
445 1790 640 1871 [tam—iarn)
658 1790 906 1865 praetermissum.
938 1790 972 1850 ln
990 1789 1095 1851 eodem
1111 1788 1136 1855 (l
1153 1789 1277 1851 deside-

79 1894 165 1953 ratur
186 1888 229 1951 ad
243 1890 532 1965 antesecaritatern²
550 1892 582 1948 ut
598 1887 626 1946 ia
643 1886 665 1945 F
683 1891 781 1952 etiam.

126 1988 211 2072 paud
223 1983 323 2067 susc.)
346 1986 441 2047 Paris.
461 1987 542 2069 qaid.
559 1987 612 2046 sed
624 1985 712 2046 rubro
721 1986 823 2047 colore
836 1982 1010 2049 interlineas
1023 1988 1111 2070 qaod

128 2083 259 2168 catius]
276 2087 306 2150 V
321 2086 364 2150 Ft
382 2086 587 2149 rectitudinis.
605 2082 651 2146 02
671 2086 870 2147 certitudinis.
1336 2082 1359 2126 ²*

82 2260 86 2264 ,
125 2198 183 2251 aat
202 2187 310 2261 alita]
333 2181 357 2247 F
383 2204 440 2246 om.
457 2196 524 2247 aat.
540 2185 559 2246 l
577 2188 608 2247 ot
624 2202 685 2247 rec.
703 2187 897 2263 crediderim,
926 2207 1013 2270 paam
1036 2206 1112 2269 auae
1132 2185 1199 2267 sac.
1223 2204 1278 2248 nec

84 2289 178 2353 aliter
200 2286 313 2363 Paris,
339 2285 370 2347 in
397 2304 455 2367 quo
485 2290 583 2345 tamen
605 2283 694 2346 rultro
718 2285 820 2346 colore
842 2287 919 2349 inter
941 2286 1034 2348 lineas
1055 2288 1214 2365 corrigitur
1228 2298 1283 2351 aat

84 2380 190 2452 aliter.
211 2386 271 2449 l‘ro
290 2404 424 2468 quaeqae
439 2382 553 2448 Adler:
581 2403 705 2467 quaem,
722 2386 824 2446 nescio
841 2387 929 2450 unic.

130 2487 270 2560 acerna]
294 2484 441 2547 Parisv
469 2486 500 2545 et
522 2484 588 2547 edd.
613 2484 784 2546 mennae.
833 2483 976 2548 Attamen
1004 2485 1034 2549 in
1056 2485 1151 2551 Paris.
1181 2505 1282 2551 manus

85 2585 240 2652 recentior
271 2584 397 2661 corrigit
431 2584 571 2661 decerni,
603 2585 635 2644 ut
659 2587 707 2646 est
734 2584 763 2644 in
784 2580 810 2646 G
834 2584 870 2647 U.
922 2585 1113 2648 Kenchenius
1145 2592 1281 2649 annotat:

89 2685 202 2768 „valet
218 2684 408 2761 discernere,
432 2683 513 2763 quod
532 2683 568 2742 ad
587 2698 666 2743 oram
683 2684 798 2744 veteris
817 2684 981 2746 natatum.‘⁴
1023 2687 1071 2748 De
1087 2687 1191 2748 horum
1207 2706 1282 2748 vcr-

89 2784 197 2849 iroram
214 2781 384 2844 discrimine
401 2801 433 2842 v.
454 2779 608 2845 Dralcnh.
628 2783 664 2842 ad
681 2780 740 2842 liv
766 2781 835 2844 Vll·
853 2790 882 2844 9.

135 2883 389 2956 aliudve—cira)
432 2881 478 2942 lta
502 2878 526 2942 U
549 2880 586 2942 tt
607 2881 642 2942 ln
662 2876 707 2942 V:
739 2882 826 2945 aliud
845 2886 926 2945 inre
941 2892 1001 2945 tarn
1018 2885 1190 2947 indecoram
1206 2887 1284 2947 tole-

93 2978 196 3047 rabile
220 2985 301 3046 viro.
334 2976 442 3057 Longe
465 2979 552 3041 aliter
573 2980 621 3040 ed.
643 2997 689 3060 pr.
707 2983 738 3043 et
758 2981 799 3043 Ft
822 3002 891 3043 nant
907 2984 981 3065 quid
993 3004 1066 3045 aere
1081 2995 1141 3045 tarn
1157 2986 1284 3050 indeco-

92 3102 160 3146 ram
174 3162 177 3169 Ι
192 3090 224 3143 et
251 3079 442 3143 intolerabile
469 3078 645 3161 delepatam·
692 3080 981 3147 Pausistrati
1024 3083 1108 3145 Nara
1130 3085 1203 3166 quid
1216 3087 1284 3146 viro

94 3193 158 3246 tam
188 3179 364 3243 indecorum
395 3188 427 3241 et
450 3179 641 3241 intolerabile
663 3199 760 3262 quam.
802 3178 875 3243 Scir.
904 3184 1056 3245 emendat:
1088 3201 1181 3268 nepae
1200 3183 1288 3246 aliud

98 3280 223 3346 videtur
235 3289 295 3341 tarn
310 3278 482 3340 indecoram
511 3279 583 3350 (vel
603 3279 814 3354 intolerabile)
826 3285 895 3343 aira
911 3284 1075 3347 cumulat
1093 3281 1143 3348 Gt.
1158 3279 1286 3349 Annott.

141 3379 223 3462 paud
234 3378 304 3460 fieri
323 3380 399 3451 etc.)
439 3375 542 3439 Verba
564 3379 645 3460 qaod
662 3378 734 3460 ficri
755 3399 879 3442 necesse
895 3391 957 3458 est,
981 3385 1116 3465 quotiens
1135 3386 1287 3467 imperitia

93 3480 278 3562 praecessit,
301 3484 332 3538 et
351 3476 473 3537 adimor
494 3473 555 3559 [sic
576 3473 667 3559 lego)
692 3478 827 3541 decrevit
847 3500 945 3559 asam,
972 3484 1040 3544 sunt
1061 3480 1284 3547 tiliamentum

92 3576 298 3641 adulterinum.
320 3573 458 3637 HIllNll.

138 3673 293 3759 patim)
319 3672 369 3736 hio
398 3676 429 3737 ct
455 3671 565 3757 altique
595 3672 683 3737 codd.
714 3678 746 3739 et
770 3674 1017 3759 meliorescit,
1043 3698 1126 3744 more
1153 3682 1281 3764 antiquo.

93 3772 145 3841 Cf.
166 3772 293 3838 Auuatt.

136 3875 310 3957 praecessit
329 3875 395 3935 eius
415 3870 491 3954 etc.)
513 3870 585 3934 lllca
604 3870 681 3934 haec
702 3874 867 3937 emendatio
890 3877 947 3957 cst,
967 3879 1096 3958 repetita
1115 3881 1220 3959 partim
1242 3896 1283 3943 ex

96 3972 186 4037 codd.
208 3972 362 4053 vestigiis,
378 3972 483 4052 partim
501 3988 542 4032 ex
563 3970 631 4033 edd.
644 3975 707 4034 vet.
730 3973 778 4035 En
798 3972 936 4037 librorum
952 3974 1053 4040 lectio.
1083 3976 1166 4042 GU:
1185 3998 1282 4061 prae-

96 4074 177 4135 canit
196 4075 227 4135 ei
246 4071 301 4134 adi
321 4114 330 4133 .
353 4112 362 4132 .
385 4113 394 4133 .
417 4112 426 4132 .
451 4089 526 4132 orna
548 4071 597 4143 (iu
615 4068 641 4135 0
661 4068 803 4135 incertam
825 4077 881 4154 eat,
905 4094 979 4138 arua
1000 4077 1039 4138 sit
1060 4096 1097 4139 aa
1116 4085 1209 4152 arua)
1226 4079 1282 4140 de-

95 4174 193 4237 currit
212 4189 306 4235 mam.
327 4167 371 4235 V:
391 4175 563 4253 praecessit
580 4174 610 4233 ei
630 4189 662 4237 a.
673 4171 744 4234 dico
763 4173 876 4237 Nerva
893 4175 1044 4243 mouerit:
1065 4197 1147 4241 amm
1161 4194 1282 4258 quorun

88 4282 155 4335 etc.
197 4270 293 4335 Paris.
317 4274 349 4334 et
369 4271 443 4353 edd:
461 4274 635 4354 praecessit
653 4273 718 4334 aias
738 4276 788 4335 cai
810 4273 999 4342 decoram:
1034 4275 1145 4348 (rans,
1172 4279 1283 4338 decer-

95 4375 189 4439 nitur.
213 4368 311 4449 Usus)
331 4388 404 4434 usus
425 4388 547 4454 psoram
569 4374 628 4436 etc.
668 4371 809 4438 autores
834 4379 906 4456 post
930 4373 997 4438 ΡοΙ.
1026 4373 1152 4438 haheat:
1184 4392 1262 4456 prae

991 4472 1059 4542 ,t
