2888 4710
73 194 123 271 rr
312 148 315 153 ’
361 192 442 274 nn
474 190 698 287 nouas
730 189 1067 275 nonninus,

173 425 245 501 duii
269 427 507 519 continentum
546 451 566 499 a
604 426 732 523 quibus
771 437 807 500 et
843 449 968 501 nomen
1002 424 1145 499 domine
1169 422 1353 525 accipiunt:

172 565 253 617 nam
277 565 369 640 quae
394 542 500 616 habet
524 565 641 637 areae,
668 539 704 614 id
729 551 786 615 est
810 542 947 615 inminis
973 542 1008 617 in
1033 538 1226 615 rotundum
1240 542 1351 637 coacti,

173 656 304 755 digitos
330 657 518 755 quadratos
544 657 667 755 viginti
693 658 855 753 quinque,
883 660 1046 731 vicenum
1071 657 1220 754 quinum
1244 656 1354 757 appel-

173 772 285 848 iatur:
339 773 500 847 similiter
523 773 729 869 trecenario,
770 784 805 845 et
830 772 998 872 deinceps
1026 798 1089 871 per
1113 773 1353 847 incrementum

103 886 155 962 30
178 887 366 986 digitorum
393 888 637 985 quadratorum
663 911 778 984 usque
804 888 849 962 ad
874 902 1060 964 centenum
1084 888 1264 963 vicenum.
1321 888 1353 963 Ιι

173 1005 357 1079 vicenaria·
376 1002 503 1099 fistula,
544 1028 634 1103 quae
667 1005 702 1077 in
735 1002 885 1079 coniinio
918 1006 1100 1101 utriusque
1125 1004 1352 1103 rationum-

173 1120 242 1194 sita
267 1130 335 1217 est,
361 1131 509 1217 utraque
527 1122 615 1194 ratio
633 1144 747 1218 paene
767 1121 939 1217 congruit.
998 1120 1093 1195 Nam
1110 1117 1220 1195 habet
1235 1142 1353 1195 securr-

174 1236 256 1311 dum
281 1258 360 1309 earn
385 1239 690 1335 computationem,
719 1237 869 1333 quaein
896 1235 1189 1311 antecedentibus
1215 1232 1354 1311 modulis

175 1349 351 1427 servanda
384 1362 452 1448 est,
499 1357 535 1427 in
561 1350 731 1427 diametro
757 1352 968 1449 quadrantes
994 1352 1131 1450 viginti,
1181 1376 1264 1426 cum
1288 1349 1354 1425 din·

174 1470 275 1544 metri
310 1466 468 1543 eiusdem
502 1467 601 1565 digiti
634 1470 785 1565 quinque
816 1470 905 1543 sint:
945 1480 981 1544 et
1010 1467 1207 1547 secundom
1243 1490 1354 1541 eorum

174 1583 394 1658 modniomm
419 1589 601 1679 rationem,
633 1586 692 1681 qui
717 1594 912 1680 sequuntur
936 1583 982 1659 ad
1007 1608 1096 1680 eam,
1136 1583 1244 1658 habet
1270 1582 1353 1682 dim·-

174 1710 289 1774 torum
315 1699 558 1797 quadratorum
586 1700 717 1798 exiguo
743 1704 858 1775 minus
884 1702 1020 1799 viginti.

125 1811 174 1889 31
224 1815 334 1891 Ratio
356 1815 550 1889 fistularum
575 1816 809 1913 quinariarum
834 1840 949 1914 usque
975 1814 1018 1888 ad
1045 1825 1231 1891 centenum
1267 1820 1357 1890 vice·

178 1954 260 2005 num
292 1957 357 2032 per
389 1956 512 2007 omnes
545 1930 708 2007 modulos
740 1934 788 2007 ita
823 1957 865 2007 se
899 1932 1014 2028 habet,
1058 1946 1097 2007 ut
1129 1930 1357 2021 ostendimos3

177 2231 285 2311 quatur
303 2248 326 2294 a
346 2230 465 2317 quiden,
486 2231 555 2295 scii.
578 2232 694 2311 dignis,
716 2232 844 2314 ideoque
866 2234 904 2294 de
926 2233 1031 2310 digitis
1054 2234 1174 2311 agaim,
1196 2234 1284 2295 recte
1304 2230 1359 2295 Ρο-

178 2326 276 2391 lemrm
297 2334 370 2410 puto
393 2331 553 2411 scripsisse
575 2335 774 2393 continentur.

221 2446 243 2489 a
264 2428 387 2511 quidne)
409 2430 439 2492 V
459 2431 500 2493 F:
521 2430 582 2493 alii
601 2430 717 2514 quidus.
739 2429 812 2493 Scir.
834 2449 937 2515 aquo,
958 2429 1024 2493 scii.
1036 2446 1171 2493 numera.

218 2535 251 2588 et
268 2534 389 2603 nomen)
411 2528 457 2592 V:
478 2536 509 2591 ei
528 2550 558 2594 n.
580 2532 671 2603 (sie).
693 2531 732 2593 F:
755 2534 872 2594 etenim.

221 2646 327 2704 areae,
348 2627 383 2689 id
403 2637 450 2691 cot
468 2629 558 2705 lem.)
580 2631 610 2693 V
631 2630 675 2693 F:
697 2649 792 2693 areae
812 2630 932 2693 laminis
953 2629 1007 2701 (Ft
1029 2629 1121 2705 lim.)

219 2725 451 2809 quadratorum)
474 2726 540 2791 VJ
561 2748 621 2791 om.

220 2822 373 2906 vicenum)
395 2828 425 2890 V
445 2827 485 2889 F:
508 2831 661 2891 nicenum:
680 2833 782 2912 prima
801 2849 823 2890 a
842 2831 1002 2891 vicenario
1019 2828 1080 2909 fiat.

114 2957 150 3007 30
224 2950 355 3024 utraque
375 2940 475 3024 ratio)
499 2944 524 3005 ii
546 2943 737 3010 ciatrem:
759 2947 914 3026 utriusque
933 2948 1057 3006 radoni.

221 3045 378 3120 contorsit)
407 3042 437 3104 V
458 3042 498 3105 F:
520 3052 697 3122 concreant.

220 3138 327 3210 iudet)
349 3140 428 3201 Tres
451 3141 538 3204 codd.
559 3140 663 3204 dates.
706 3142 751 3204 nt
772 3142 866 3205 inira:
887 3139 980 3203 dedet
999 3142 1088 3221 diqit.

223 3242 253 3300 in
279 3238 438 3325 anteced.)
476 3238 574 3302 Recte
602 3239 648 3302 sic
677 3242 848 3302 emendavit
873 3240 1016 3303 Poleour.
1040 3239 1081 3302 U:
1104 3242 1361 3305 intercedentibus.

180 3337 223 3399 V:
245 3340 323 3400 inter
343 3337 523 3401 incentrice.
566 3338 648 3399 iddd:
669 3339 927 3405 interiacentibus.
970 3339 1082 3403 Verum
1104 3339 1150 3405 0:
1170 3345 1204 3405 in
1223 3342 1361 3405 tecedcn-

180 3434 270 3514 tibus,
292 3437 314 3500 Ι.
336 3454 363 3498 e.
385 3441 418 3499 in
439 3436 696 3500 antecedentibus.

221 3552 302 3597 serv.
323 3538 387 3617 eet)
408 3535 457 3601 V:
478 3546 651 3600 servantur.
692 3537 735 3601 F:
754 3546 906 3600 errator.

220 3636 300 3707 nint)
321 3634 353 3696 V
372 3635 410 3699 J:
428 3637 558 3719 [wint.

222 3736 333 3812 emique
358 3739 454 3798 minae
479 3740 557 3817 cic.)
591 3736 637 3800 lta
665 3733 703 3798 G.
725 3734 759 3799 ln
781 3737 911 3800 ceteris:
943 3757 983 3801 er
1007 3741 1182 3818 iqnominiis
1208 3737 1292 3803 XX.
1319 3736 1364 3799 vei

183 3851 223 3895 erc
241 3838 411 3912 momentis
428 3835 504 3898 XX.
526 3855 603 3920 quae
624 3834 709 3898 nihili
730 3822 811 3898 sdot.

116 3966 147 4017 or
223 3949 424 4023 ostendimus)
446 3948 489 4013 U:
511 3951 634 4016 extend.
655 3952 685 4014 V
707 3950 747 4013 F:
769 3951 955 4017 ostendimur
975 3955 1009 4016 in
1029 3956 1110 4016 ornni
1128 3970 1263 4035 cenete:
1284 3956 1367 4017 etita

225 4056 367 4114 constat:
386 4048 510 4113 scilicet
528 4055 671 4115 convenit
689 4056 750 4115 etc.
817 4058 820 4063 ’

225 4151 320 4222 omne)
340 4147 372 4209 V
394 4151 426 4211 et
446 4147 522 4209 edd:
542 4153 575 4213 in
595 4155 684 4213 cnm.

224 4251 366 4331 utroque)
388 4247 462 4310 Vct
472 4247 547 4311 edd:
573 4253 700 4332 utrique.
723 4250 830 4312 mendo
853 4250 1114 4314 manifestissimo:
1137 4252 1287 4315 nonenim
1299 4272 1364 4314 mo-

186 4346 248 4408 dali
271 4348 547 4413 commentariorum
568 4348 743 4430 praevalent
764 4350 871 4413 rationi
902 4353 934 4413 et
960 4353 1142 4427 auctoritati,
1176 4352 1232 4415 sed
1261 4351 1370 4415 moduli
