2888 4710
442 264 514 340 DE
540 260 729 356 Aounlu
754 253 1033 339 nocemus.
1300 252 1349 326 oa

148 496 232 570 Non
258 497 387 594 dubito,
416 500 551 595 aliquos
587 506 835 588 ιιιιιοιιιιιιιιιε,
875 491 969 590 'quod
1001 490 1110 588 longe
1140 490 1252 562 maior
1274 486 1324 562 to

72 612 177 722 eopia
203 615 291 686 entis
318 618 493 688 mensuris
519 618 658 688 invente
684 615 753 704 sit,
794 634 896 708 quam
928 610 962 683 in
994 605 1252 680 commentariis

116 951 267 1030 recepta)
289 948 333 1013 v:
355 963 481 1014 orernta.

116 1056 332 1126 monemus)
353 1050 382 1112 V
404 1051 442 1115 F:
463 1060 639 1115 unnmnsee.

118 1151 258 1230 inuenta)
282 1147 323 1215 Ur
346 1156 491 1232 iniuncta,
511 1158 544 1215 et
564 1171 601 1214 m.
623 1167 686 1214 see.
707 1154 838 1212 invecta.

119 1257 171 1310 est
188 1253 293 1322 error)
322 1248 349 1312 U
369 1252 411 1314 B:
434 1273 522 1315 error
542 1243 601 1315 eet.

119 1351 367 1432 uniuscuiusque)
390 1350 436 1415 V:
459 1356 629 1435 unitusque.
667 1348 777 1411 Eadem
800 1344 952 1425 corruptio
974 1339 1153 1426 muloinira.
1190 1335 1263 1401 Solu.

77 1443 163 1507 auoit
182 1462 294 1531 apione.
314 1448 475 1529 intelligo:
499 1450 729 1530 uniuscuiusque
751 1450 868 1526 copiae.

119 1542 278 1626 fecerunt}
299 1547 345 1613 Ita
365 1550 457 1611 nodi.
479 1552 511 1614 et
531 1548 633 1631 plures
656 1549 726 1611 edd.
748 1547 826 1611 Pol:
846 1547 967 1629 secere·

121 1651 218 1720 met2‘)
239 1645 344 1725 Lego:
365 1655 456 1726 motu,
479 1651 500 1711 i.
521 1668 551 1712 e.
573 1664 674 1712 eausa.
696 1666 727 1710 v.
748 1646 850 1710 Lexx.
870 1641 1028 1708 Venabula
1042 1646 1124 1702 mota
1144 1641 1177 1700 et
1189 1639 1268 1699 nictu

80 1744 116 1805 ut
137 1742 227 1806 tacite
243 1750 292 1809 est
313 1747 390 1810 iuter
412 1767 446 1810 se
468 1751 646 1828 permutare,
668 1748 711 1811 ita
730 1751 800 1810 sunt
819 1739 1126 1827 permutatasaepius.
1147 1734 1268 1801 nonne.

81 1843 121 1905 mi
142 1841 253 1906 Vellei.
274 1863 306 1926 p.
331 1849 398 1908 146.
420 1847 561 1910 HEINR.

90 1991 93 1996 -
125 1953 181 2006 aut
200 1940 294 2026 sico.)
317 1943 444 2009 VFB:
466 1965 508 2010 ao
527 1951 604 2011 siae.

126 2043 237 2120 (Μαι
260 2045 343 2127 puori
362 2042 440 2126 ete.)
483 2045 572 2114 CUt
598 2045 788 2110 obstantibus
809 2042 891 2130 quod
913 2045 964 2126 ipe
967 2079 1167 2102 .......
1186 2053 1272 2101 meu·

82 2147 178 2205 eurio.
220 2139 266 2204 V:
287 2142 478 2207 obstantibus
499 2145 618 2231 prririem
645 2149 725 2229 ipsis
749 2147 908 2208 momoria.
949 2140 1035 2206 udo:
1064 2133 1272 2201 constantibus

84 2241 205 2319 peridem
225 2244 307 2326 ipoie
326 2250 484 2309 mensurio.
525 2243 591 2308 Poi.
612 2244 732 2308 lacunas
752 2244 924 2328 relinquens
952 2237 1093 2323 (obstaret
1118 2275 1256 2297 .....
1263 2277 1273 2312 ,

85 2338 169 2403 noea
189 2343 268 2424 ipsis
289 2383 299 2404 .
322 2385 331 2405 .
353 2384 363 2404 .
385 2386 395 2405 .
417 2389 427 2406 .
510 2348 673 2417 omorio)
694 2344 962 2407 sententiamesse
982 2340 1069 2420 putat
1087 2334 1179 2402 hano:
1217 2331 1274 2396 ot-

86 2447 174 2501 storrt
190 2437 433 2521 observationes,
454 2449 616 2525 propterea
628 2442 711 2523 puori
729 2445 809 2526 ipsis
823 2441 901 2504 antis
917 2441 1065 2504 memoria
1076 2434 1164 2498 «tutio
1176 2451 1276 2497 mense

89 2539 132 2610 (i-
154 2556 185 2600 e·
212 2544 285 2619 post
310 2542 394 2621 ipsas
421 2546 505 2605 aetas
531 2561 634 2607 menso
662 2540 743 2607 Juiio
766 2557 935 2618 mensuras,
960 2555 1035 2621 quas
1055 2539 1124 2599 aute
1145 2527 1275 2612 unnim)

89 2636 238 2722 deinceps
263 2637 344 2703 torro
371 2645 606 2722 uniuscuiusque
631 2657 725 2726 aquae
753 2640 902 2702 inventam
929 2639 1050 2719 copiam
1076 2637 1141 2698 tota
1161 2633 1277 2694 aestate

89 2735 264 2816 dmentem,
289 2741 428 2820 repetitis
457 2742 622 2819 mensuris,
649 2738 809 2821 exploravi
832 2735 872 2820 (i.
894 2753 924 2798 e·
945 2732 1129 2814 explorando
1152 2729 1276 2793 eandem

89 2837 193 2899 iuveni
215 2837 397 2921 durantem).
441 2839 567 2904 Comari.
595 2843 644 2912 (et
663 2857 728 2901 oum
750 2856 788 2900 eo
809 2835 936 2910 Adler.)
964 2832 1060 2911 legit:
1087 2827 1275 2894 obstantibus

90 2949 208 3014 quoque
228 2941 368 3020 ipsismet
385 2940 638 3016 mensurio,·lutio
659 2958 760 3002 meroe
780 2936 860 3000 tane
876 2952 927 2997 un.
948 2931 1060 2996 Heinrr
1082 2930 1186 2994 obstat
1198 2926 1280 3008 puori

90 3038 220 3118 ipsemet
238 3043 393 3103 mensuris.
437 3039 515 3105 Seii:
537 3039 783 3117 oistnrooospue
801 3038 883 3121 ipsis
903 3035 1060 3098 monearis.
1081 3031 1112 3091 in
1132 3030 1197 3092 not.
1219 3039 1278 3088 en:

92 3132 240 3198 abstentia
260 3152 378 3216 qaoque
399 3143 479 3220 ipsis
499 3140 607 3202 iisdem
627 3141 785 3202 mensurio.
816 3154 857 3197 ex
878 3134 960 3198 Festi
980 3132 1159 3195 auctoritate
1181 3125 1280 3190 oiotr'-

91 3240 196 3298 metet
217 3237 353 3300 ostendit
381 3242 482 3302 eadem
506 3241 599 3302 verba
619 3259 691 3302 esse
711 3241 865 3301 annotant.
906 3234 1035 3297 Nostrae
1064 3226 1279 3294 emendationis

93 3336 302 3415 interpretatio
323 3338 400 3402 haee
421 3346 489 3403 est:
518 3344 673 3423 postquam
697 3339 764 3418 ipso
785 3335 870 3398 Juiio
892 3350 1006 3409 mense,
1033 3331 1055 3391 i.
1076 3328 1200 3408 etpost
1220 3325 1282 3384 ini-

94 3436 166 3497 tium
187 3439 322 3517 aestatis,
344 3442 430 3501 actae
452 3459 605 3502 mensurae
627 3445 706 3517 sunt,
729 3432 920 3500 inventario
942 3436 1076 3509 tempore
1092 3423 1282 3488 uniuscuius-

94 3554 154 3620 que
175 3555 270 3621 aquae
291 3544 380 3620 eopia
401 3545 464 3601 tote
487 3542 630 3617 deinceps
651 3541 766 3601 aestate
788 3532 847 3597 sihi
868 3532 1014 3594 eonstitit.
1057 3527 1185 3589 Sensum
1214 3524 1283 3606 qui·

96 3635 164 3704 dem
183 3641 262 3704 bauti
283 3647 325 3706 ita
346 3642 543 3722 spernendum
565 3640 682 3701 exserit
708 3637 795 3698 etium
818 3631 885 3694 edd.
902 3629 1006 3704 ieotio,
1028 3630 1112 3688 reete
1129 3625 1282 3690 distincta:

32 3769 34 3776 ·
97 3743 154 3804 seri
176 3742 305 3806 obstat
295 3748 394 3826 opsis;
416 3740 600 3801 incommode
622 3738 756 3813 iungitur
777 3752 814 3795 oe
836 3728 974 3806 orariam,
996 3726 1173 3808 euploraoi3
1195 3725 1283 3786 deni-

97 3860 157 3925 que
182 3842 249 3922 ipsa
276 3843 424 3905 sententia
452 3839 503 3914 ei,
533 3856 617 3919 quem
640 3837 743 3897 nostra
764 3816 978 3894 emendatione
992 3825 1157 3904 intulimus,
1188 3822 1281 3886 multo

100 3949 151 4006 est
172 3943 305 4006 interior.

141 4041 316 4123 duroman)
338 4042 357 4103 J
379 4045 409 4102 ιι
431 4056 499 4102 reo:
521 4038 650 4099 eiurante
671 4034 905 4117 exploraverim.

142 4161 222 4224 quoe
240 4141 476 4235 praeeeditiin
466 4158 543 4217 ego
566 4158 586 4198 u
608 4152 667 4214 ouo
687 4132 828 4216 procedit
849 4124 939 4206 runo,
961 4131 1062 4205 utipue
1084 4124 1144 4187 rtet
1178 4123 1287 4198 Utique

101 4239 125 4308 i.
148 4231 359 4322 mielentois
403 4239 538 4301 Heron
583 4235 754 4296 Emendatio
784 4247 954 4319 congruens
983 4225 1104 4287 lectioni
1130 4223 1203 4284 Jet
1222 4237 1286 4280 ree.

101 4343 138 4408 ln
158 4339 227 4406 Vi*
249 4342 343 4403 verba
362 4351 411 4404 est
430 4359 528 4402 eonon
549 4359 627 4421 puae
645 4332 807 4420 praeeedit
828 4330 1048 4393 desiderantur
