<?xml version="1.0" encoding="UTF-8"?>
<!DOCTYPE html PUBLIC "-//W3C//DTD XHTML 1.0 Transitional//EN"
    "http://www.w3.org/TR/xhtml1/DTD/xhtml1-transitional.dtd">
<html xmlns="http://www.w3.org/1999/xhtml" xml:lang="en" lang="en">
 <head>
  <title>
</title>
<meta http-equiv="Content-Type" content="text/html;charset=utf-8" />
  <meta name='ocr-system' content='tesseract 3.04.00' />
  <meta name='ocr-capabilities' content='ocr_page ocr_carea ocr_par ocr_line ocrx_word'/>
</head>
<body>
  <div class='ocr_page' id='page_1' title='image "./sexjuliifrontin00dedegoog_0175.png"; bbox 0 0 2850 4726; ppageno 0'>
   <div class='ocr_carea' id='block_1_1' title="bbox 57 200 901 296">
    <p class='ocr_par' dir='ltr' id='par_1_1' title="bbox 57 200 901 296">
     <span class='ocr_line' id='line_1_1' title="bbox 57 200 901 296; baseline 0.012 -21"><span class='ocrx_word' id='word_1_1' title='bbox 57 216 130 296; x_wconf 74' lang='lat'>1526</span> <span class='ocrx_word' id='word_1_2' title='bbox 496 200 901 284; x_wconf 75' lang='lat' dir='ltr'>FRONTINUS</span> 
     </span>
    </p>
   </div>
   <div class='ocr_carea' id='block_1_2' title="bbox 144 435 1330 2738">
    <p class='ocr_par' dir='ltr' id='par_1_2' title="bbox 144 435 1330 2738">
     <span class='ocr_line' id='line_1_2' title="bbox 157 435 1316 539; baseline -0.008 -17"><span class='ocrx_word' id='word_1_3' title='bbox 157 446 225 522; x_wconf 80' lang='lat' dir='ltr'>Ad</span> <span class='ocrx_word' id='word_1_4' title='bbox 263 435 542 539; x_wconf 76' lang='lat' dir='ltr'>reficiendos</span> <span class='ocrx_word' id='word_1_5' title='bbox 581 437 706 510; x_wconf 92' lang='lat' dir='ltr'>rivos</span> <span class='ocrx_word' id='word_1_6' title='bbox 747 452 1079 537; x_wconf 84' lang='lat' dir='ltr'>specusqueet</span> <span class='ocrx_word' id='word_1_7' title='bbox 1117 460 1227 538; x_wconf 88' lang='lat' dir='ltr'>quac</span> <span class='ocrx_word' id='word_1_8' title='bbox 1257 462 1316 539; x_wconf 90' lang='lat' dir='ltr'>per</span> 
     </span>
     <span class='ocr_line' id='line_1_3' title="bbox 158 552 1330 655; baseline -0.001 -24"><span class='ocrx_word' id='word_1_9' title='bbox 158 588 207 637; x_wconf 82' lang='lat' dir='ltr'>ea</span> <span class='ocrx_word' id='word_1_10' title='bbox 241 581 370 655; x_wconf 90' lang='lat' dir='ltr'>opera</span> <span class='ocrx_word' id='word_1_11' title='bbox 402 558 468 626; x_wconf 90' lang='lat' dir='ltr'>rei</span> <span class='ocrx_word' id='word_1_12' title='bbox 501 552 709 651; x_wconf 91' lang='lat' dir='ltr'>publicae</span> <span class='ocrx_word' id='word_1_13' title='bbox 742 566 1093 652; x_wconf 80' lang='lat' dir='ltr'>corrumpantur,</span> <span class='ocrx_word' id='word_1_14' title='bbox 1129 556 1330 654; x_wconf 85' lang='lat' dir='ltr'>placere:¹</span> 
     </span>
     <span class='ocr_line' id='line_1_4' title="bbox 157 668 1312 770; baseline -0.005 -19"><span class='ocrx_word' id='word_1_15' title='bbox 157 683 278 751; x_wconf 91' lang='lat' dir='ltr'>circa</span> <span class='ocrx_word' id='word_1_16' title='bbox 318 672 467 746; x_wconf 88' lang='lat' dir='ltr'>sontes</span> <span class='ocrx_word' id='word_1_17' title='bbox 506 679 545 741; x_wconf 92' lang='lat' dir='ltr'>et</span> <span class='ocrx_word' id='word_1_18' title='bbox 583 668 779 741; x_wconf 80' lang='lat' dir='ltr'>fornices</span> <span class='ocrx_word' id='word_1_19' title='bbox 812 680 854 742; x_wconf 88' lang='lat' dir='ltr'>et</span> <span class='ocrx_word' id='word_1_20' title='bbox 883 695 1032 744; x_wconf 82' lang='lat' dir='ltr'>muros.</span> <span class='ocrx_word' id='word_1_21' title='bbox 1058 681 1244 770; x_wconf 83' lang='lat' dir='ltr'>utraque</span> <span class='ocrx_word' id='word_1_22' title='bbox 1272 694 1312 745; x_wconf 82' lang='lat' dir='ltr'>ex</span> 
     </span>
     <span class='ocr_line' id='line_1_5' title="bbox 156 783 1311 891; baseline -0.006 -27"><span class='ocrx_word' id='word_1_23' title='bbox 156 802 279 891; x_wconf 87' lang='lat' dir='ltr'>parte</span> <span class='ocrx_word' id='word_1_24' title='bbox 318 809 483 861; x_wconf 88' lang='lat' dir='ltr'>vacuos</span> <span class='ocrx_word' id='word_1_25' title='bbox 522 789 678 882; x_wconf 88' lang='lat' dir='ltr'>quinos</span> <span class='ocrx_word' id='word_1_26' title='bbox 718 783 855 857; x_wconf 89' lang='lat' dir='ltr'>denos</span> <span class='ocrx_word' id='word_1_27' title='bbox 894 786 1031 883; x_wconf 91' lang='lat' dir='ltr'>pedes</span> <span class='ocrx_word' id='word_1_28' title='bbox 1069 798 1245 885; x_wconf 89' lang='lat' dir='ltr'>patere;</span> <span class='ocrx_word' id='word_1_29' title='bbox 1283 800 1311 857; x_wconf 87' lang='lat' dir='ltr'>et</span> 
     </span>
     <span class='ocr_line' id='line_1_6' title="bbox 155 899 1309 1001; baseline -0.009 -19"><span class='ocrx_word' id='word_1_30' title='bbox 155 915 274 983; x_wconf 88' lang='lat' dir='ltr'>circa</span> <span class='ocrx_word' id='word_1_31' title='bbox 312 905 453 997; x_wconf 77' lang='lat' dir='ltr'>rivoS,</span> <span class='ocrx_word' id='word_1_32' title='bbox 494 900 565 998; x_wconf 89' lang='lat' dir='ltr'>qui</span> <span class='ocrx_word' id='word_1_33' title='bbox 604 899 686 972; x_wconf 91' lang='lat' dir='ltr'>sub</span> <span class='ocrx_word' id='word_1_34' title='bbox 724 912 844 973; x_wconf 88' lang='lat' dir='ltr'>terra</span> <span class='ocrx_word' id='word_1_35' title='bbox 882 915 1052 996; x_wconf 86' lang='lat' dir='ltr'>essent,</span> <span class='ocrx_word' id='word_1_36' title='bbox 1094 914 1135 976; x_wconf 88' lang='lat' dir='ltr'>et</span> <span class='ocrx_word' id='word_1_37' title='bbox 1168 924 1309 1001; x_wconf 87' lang='lat' dir='ltr'>specus</span> 
     </span>
     <span class='ocr_line' id='line_1_7' title="bbox 156 1015 1309 1115; baseline -0.007 -18"><span class='ocrx_word' id='word_1_38' title='bbox 156 1031 267 1097; x_wconf 87' lang='lat' dir='ltr'>intra</span> <span class='ocrx_word' id='word_1_39' title='bbox 298 1018 455 1096; x_wconf 81' lang='lat' dir='ltr'>Urbem</span> <span class='ocrx_word' id='word_1_40' title='bbox 492 1026 532 1088; x_wconf 92' lang='lat' dir='ltr'>et</span> <span class='ocrx_word' id='word_1_41' title='bbox 566 1025 690 1089; x_wconf 86' lang='lat' dir='ltr'>extra</span> <span class='ocrx_word' id='word_1_42' title='bbox 722 1015 905 1115; x_wconf 89' lang='lat' dir='ltr'>Urbem,</span> <span class='ocrx_word' id='word_1_43' title='bbox 947 1023 1059 1090; x_wconf 90' lang='lat' dir='ltr'>intra</span> <span class='ocrx_word' id='word_1_44' title='bbox 1095 1024 1309 1092; x_wconf 90' lang='lat' dir='ltr'>continen-</span> 
     </span>
     <span class='ocr_line' id='line_1_8' title="bbox 152 1133 1309 1232; baseline -0.006 -20"><span class='ocrx_word' id='word_1_45' title='bbox 152 1141 212 1213; x_wconf 87' lang='lat' dir='ltr'>tia</span> <span class='ocrx_word' id='word_1_46' title='bbox 250 1133 482 1227; x_wconf 84' lang='lat' dir='ltr'>aedilicia,</span> <span class='ocrx_word' id='word_1_47' title='bbox 522 1139 707 1228; x_wconf 89' lang='lat' dir='ltr'>utraque</span> <span class='ocrx_word' id='word_1_48' title='bbox 747 1157 799 1205; x_wconf 87' lang='lat' dir='ltr'>ex</span> <span class='ocrx_word' id='word_1_49' title='bbox 837 1143 960 1230; x_wconf 89' lang='lat' dir='ltr'>parte</span> <span class='ocrx_word' id='word_1_50' title='bbox 999 1140 1157 1232; x_wconf 89' lang='lat' dir='ltr'>quinos</span> <span class='ocrx_word' id='word_1_51' title='bbox 1191 1134 1309 1232; x_wconf 88' lang='lat' dir='ltr'>pedes</span> 
     </span>
     <span class='ocr_line' id='line_1_9' title="bbox 153 1248 1309 1345; baseline -0.007 -17"><span class='ocrx_word' id='word_1_52' title='bbox 153 1275 318 1327; x_wconf 88' lang='lat' dir='ltr'>vacuos</span> <span class='ocrx_word' id='word_1_53' title='bbox 351 1248 565 1345; x_wconf 84' lang='lat' dir='ltr'>relinqui:</span> <span class='ocrx_word' id='word_1_54' title='bbox 599 1253 662 1319; x_wconf 93' lang='lat' dir='ltr'>ita</span> <span class='ocrx_word' id='word_1_55' title='bbox 693 1258 738 1320; x_wconf 94' lang='lat' dir='ltr'>ut</span> <span class='ocrx_word' id='word_1_56' title='bbox 768 1273 910 1345; x_wconf 89' lang='lat' dir='ltr'>neque</span> <span class='ocrx_word' id='word_1_57' title='bbox 941 1261 1251 1324; x_wconf 89' lang='lat' dir='ltr'>monumentum</span> <span class='ocrx_word' id='word_1_58' title='bbox 1279 1254 1309 1321; x_wconf 88' lang='lat' dir='ltr'>in</span> 
     </span>
     <span class='ocr_line' id='line_1_10' title="bbox 153 1358 1308 1465; baseline -0.007 -22"><span class='ocrx_word' id='word_1_59' title='bbox 153 1371 223 1443; x_wconf 87' lang='lat' dir='ltr'>lris</span> <span class='ocrx_word' id='word_1_60' title='bbox 261 1369 375 1441; x_wconf 91' lang='lat' dir='ltr'>locis</span> <span class='ocrx_word' id='word_1_61' title='bbox 414 1386 558 1461; x_wconf 88' lang='lat' dir='ltr'>neque</span> <span class='ocrx_word' id='word_1_62' title='bbox 597 1358 868 1437; x_wconf 83' lang='lat' dir='ltr'>aedificium</span> <span class='ocrx_word' id='word_1_63' title='bbox 897 1376 998 1462; x_wconf 90' lang='lat' dir='ltr'>post</span> <span class='ocrx_word' id='word_1_64' title='bbox 1035 1365 1117 1440; x_wconf 92' lang='lat' dir='ltr'>hoc</span> <span class='ocrx_word' id='word_1_65' title='bbox 1154 1378 1308 1465; x_wconf 87' lang='lat' dir='ltr'>tempus</span> 
     </span>
     <span class='ocr_line' id='line_1_11' title="bbox 153 1477 1308 1584; baseline -0.008 -24"><span class='ocrx_word' id='word_1_66' title='bbox 153 1508 332 1584; x_wconf 91' lang='lat' dir='ltr'>ponere,</span> <span class='ocrx_word' id='word_1_67' title='bbox 371 1503 511 1575; x_wconf 88' lang='lat' dir='ltr'>neque</span> <span class='ocrx_word' id='word_1_68' title='bbox 548 1501 792 1552; x_wconf 79' lang='lat' dir='ltr'>conserere</span> <span class='ocrx_word' id='word_1_69' title='bbox 830 1481 1013 1554; x_wconf 88' lang='lat' dir='ltr'>arbores</span> <span class='ocrx_word' id='word_1_70' title='bbox 1052 1482 1224 1557; x_wconf 81' lang='lat' dir='ltr'>liceret</span> <span class='ocrx_word' id='word_1_71' title='bbox 1270 1477 1308 1556; x_wconf 84' lang='lat' dir='ltr'>Si</span> 
     </span>
     <span class='ocr_line' id='line_1_12' title="bbox 151 1595 1305 1700; baseline -0.006 -25"><span class='ocrx_word' id='word_1_72' title='bbox 151 1625 260 1700; x_wconf 88' lang='lat' dir='ltr'>quae</span> <span class='ocrx_word' id='word_1_73' title='bbox 297 1621 413 1672; x_wconf 91' lang='lat' dir='ltr'>nuno</span> <span class='ocrx_word' id='word_1_74' title='bbox 451 1607 609 1699; x_wconf 90' lang='lat' dir='ltr'>essent</span> <span class='ocrx_word' id='word_1_75' title='bbox 647 1595 836 1669; x_wconf 87' lang='lat' dir='ltr'>arbores</span> <span class='ocrx_word' id='word_1_76' title='bbox 875 1597 1068 1670; x_wconf 87' lang='lat' dir='ltr'>intra-id</span> <span class='ocrx_word' id='word_1_77' title='bbox 1106 1599 1305 1695; x_wconf 82' lang='lat' dir='ltr'>spatium,</span> 
     </span>
     <span class='ocr_line' id='line_1_13' title="bbox 151 1713 1306 1808; baseline -0.006 -17"><span class='ocrx_word' id='word_1_78' title='bbox 151 1713 486 1805; x_wconf 73' lang='lat' dir='ltr'>exciderentur,</span> <span class='ocrx_word' id='word_1_79' title='bbox 514 1722 827 1808; x_wconf 80' lang='lat' dir='ltr'>praeterquam</span> <span class='ocrx_word' id='word_1_80' title='bbox 855 1717 895 1784; x_wconf 91' lang='lat' dir='ltr'>si</span> <span class='ocrx_word' id='word_1_81' title='bbox 922 1736 1028 1808; x_wconf 91' lang='lat' dir='ltr'>quae</span> <span class='ocrx_word' id='word_1_82' title='bbox 1052 1713 1195 1789; x_wconf 88' lang='lat' dir='ltr'>villae</span> <span class='ocrx_word' id='word_1_83' title='bbox 1222 1734 1306 1787; x_wconf 89' lang='lat' dir='ltr'>con·</span> 
     </span>
     <span class='ocr_line' id='line_1_14' title="bbox 149 1814 1306 1928; baseline -0.008 -23"><span class='ocrx_word' id='word_1_84' title='bbox 149 1838 354 1905; x_wconf 91' lang='lat' dir='ltr'>tinentes</span> <span class='ocrx_word' id='word_1_85' title='bbox 381 1838 422 1901; x_wconf 93' lang='lat' dir='ltr'>et</span> <span class='ocrx_word' id='word_1_86' title='bbox 446 1825 654 1899; x_wconf 89' lang='lat' dir='ltr'>inclusae</span> <span class='ocrx_word' id='word_1_87' title='bbox 680 1826 917 1921; x_wconf 69' lang='lat' dir='ltr'>aedificiis</span> <span class='ocrx_word' id='word_1_88' title='bbox 945 1814 1115 1903; x_wconf 77' lang='lat' dir='ltr'>essent.</span> <span class='ocrx_word' id='word_1_89' title='bbox 1151 1829 1203 1907; x_wconf 85' lang='lat' dir='ltr'>Si</span> <span class='ocrx_word' id='word_1_90' title='bbox 1228 1826 1306 1928; x_wconf 88' lang='lat' dir='ltr'>quis</span> 
     </span>
     <span class='ocr_line' id='line_1_15' title="bbox 150 1943 1306 2043; baseline -0.006 -22"><span class='ocrx_word' id='word_1_91' title='bbox 150 1947 370 2021; x_wconf 83' lang='lat' dir='ltr'>adversus</span> <span class='ocrx_word' id='word_1_92' title='bbox 397 1967 445 2016; x_wconf 85' lang='lat' dir='ltr'>ea</span> <span class='ocrx_word' id='word_1_93' title='bbox 471 1943 759 2036; x_wconf 82' lang='lat' dir='ltr'>commiserit,</span> <span class='ocrx_word' id='word_1_94' title='bbox 786 1944 827 2015; x_wconf 94' lang='lat' dir='ltr'>in</span> <span class='ocrx_word' id='word_1_95' title='bbox 853 1945 1062 2042; x_wconf 81' lang='lat' dir='ltr'>singulas</span> <span class='ocrx_word' id='word_1_96' title='bbox 1088 1969 1160 2018; x_wconf 90' lang='lat' dir='ltr'>res</span> <span class='ocrx_word' id='word_1_97' title='bbox 1186 1966 1306 2043; x_wconf 90' lang='lat' dir='ltr'>poena</span> 
     </span>
     <span class='ocr_line' id='line_1_16' title="bbox 147 2058 1327 2158; baseline 0.001 -22"><span class='ocrx_word' id='word_1_98' title='bbox 147 2060 229 2140; x_wconf 81' lang='lat' dir='ltr'>HS</span> <span class='ocrx_word' id='word_1_99' title='bbox 263 2059 375 2135; x_wconf 84' lang='lat' dir='ltr'>dena</span> <span class='ocrx_word' id='word_1_100' title='bbox 400 2058 539 2133; x_wconf 87' lang='lat' dir='ltr'>millia</span> <span class='ocrx_word' id='word_1_101' title='bbox 565 2069 746 2151; x_wconf 83' lang='lat' dir='ltr'>essent,</span> <span class='ocrx_word' id='word_1_102' title='bbox 784 2083 835 2132; x_wconf 87' lang='lat' dir='ltr'>ex</span> <span class='ocrx_word' id='word_1_103' title='bbox 861 2061 1029 2158; x_wconf 72' lang='lat' dir='ltr'>quilius</span> <span class='ocrx_word' id='word_1_104' title='bbox 1055 2084 1160 2158; x_wconf 88' lang='lat' dir='ltr'>pars</span> <span class='ocrx_word' id='word_1_105' title='bbox 1187 2058 1327 2137; x_wconf 57' lang='lat' dir='ltr'>dimi-⁴.</span> 
     </span>
     <span class='ocr_line' id='line_1_17' title="bbox 147 2175 1306 2276; baseline -0.006 -25"><span class='ocrx_word' id='word_1_106' title='bbox 147 2177 217 2251; x_wconf 93' lang='lat' dir='ltr'>dia</span> <span class='ocrx_word' id='word_1_107' title='bbox 243 2177 479 2276; x_wconf 92' lang='lat' dir='ltr'>praemium</span> <span class='ocrx_word' id='word_1_108' title='bbox 505 2175 763 2247; x_wconf 83' lang='lat' dir='ltr'>accusatori</span> <span class='ocrx_word' id='word_1_109' title='bbox 790 2175 992 2272; x_wconf 89' lang='lat' dir='ltr'>daretur,</span> <span class='ocrx_word' id='word_1_110' title='bbox 1028 2182 1160 2249; x_wconf 91' lang='lat' dir='ltr'>cuius</span> <span class='ocrx_word' id='word_1_111' title='bbox 1188 2196 1306 2274; x_wconf 89' lang='lat' dir='ltr'>opera</span> 
     </span>
     <span class='ocr_line' id='line_1_18' title="bbox 145 2284 1305 2387; baseline -0.006 -21"><span class='ocrx_word' id='word_1_112' title='bbox 145 2300 334 2367; x_wconf 85' lang='lat' dir='ltr'>maxime</span> <span class='ocrx_word' id='word_1_113' title='bbox 366 2290 603 2364; x_wconf 91' lang='lat' dir='ltr'>convictus</span> <span class='ocrx_word' id='word_1_114' title='bbox 636 2302 782 2385; x_wconf 85' lang='lat' dir='ltr'>esset,</span> <span class='ocrx_word' id='word_1_115' title='bbox 821 2293 894 2387; x_wconf 90' lang='lat' dir='ltr'>qui</span> <span class='ocrx_word' id='word_1_116' title='bbox 921 2290 1142 2365; x_wconf 86' lang='lat' dir='ltr'>adversus</span> <span class='ocrx_word' id='word_1_117' title='bbox 1168 2292 1252 2366; x_wconf 90' lang='lat' dir='ltr'>hoc</span> <span class='ocrx_word' id='word_1_118' title='bbox 1273 2284 1305 2365; x_wconf 84' lang='lat' dir='ltr'>S.</span> 
     </span>
     <span class='ocr_line' id='line_1_19' title="bbox 145 2407 1304 2504; baseline -0.003 -20"><span class='ocrx_word' id='word_1_119' title='bbox 145 2410 185 2484; x_wconf 82' lang='lat' dir='ltr'>G.</span> <span class='ocrx_word' id='word_1_120' title='bbox 213 2409 540 2501; x_wconf 76' lang='lat' dir='ltr'>commisisset,</span> <span class='ocrx_word' id='word_1_121' title='bbox 577 2430 684 2504; x_wconf 89' lang='lat' dir='ltr'>pars</span> <span class='ocrx_word' id='word_1_122' title='bbox 719 2420 865 2480; x_wconf 92' lang='lat' dir='ltr'>autem</span> <span class='ocrx_word' id='word_1_123' title='bbox 897 2407 1083 2480; x_wconf 91' lang='lat' dir='ltr'>dimidia</span> <span class='ocrx_word' id='word_1_124' title='bbox 1118 2409 1159 2481; x_wconf 93' lang='lat' dir='ltr'>in</span> <span class='ocrx_word' id='word_1_125' title='bbox 1185 2432 1304 2481; x_wconf 88' lang='lat' dir='ltr'>aera·</span> 
     </span>
     <span class='ocr_line' id='line_1_20' title="bbox 144 2523 1305 2620; baseline 0.001 -24"><span class='ocrx_word' id='word_1_126' title='bbox 144 2530 257 2597; x_wconf 93' lang='lat' dir='ltr'>rium</span> <span class='ocrx_word' id='word_1_127' title='bbox 283 2523 587 2620; x_wconf 82' lang='lat' dir='ltr'>redigeretur.</span> <span class='ocrx_word' id='word_1_128' title='bbox 626 2523 787 2618; x_wconf 89' lang='lat' dir='ltr'>Deque</span> <span class='ocrx_word' id='word_1_129' title='bbox 813 2547 860 2597; x_wconf 91' lang='lat' dir='ltr'>ea</span> <span class='ocrx_word' id='word_1_130' title='bbox 886 2549 930 2597; x_wconf 91' lang='lat' dir='ltr'>re</span> <span class='ocrx_word' id='word_1_131' title='bbox 957 2523 1220 2600; x_wconf 89' lang='lat' dir='ltr'>iudicarent</span> <span class='ocrx_word' id='word_1_132' title='bbox 1244 2546 1305 2599; x_wconf 91' lang='lat' dir='ltr'>co·</span> 
     </span>
     <span class='ocr_line' id='line_1_21' title="bbox 144 2634 1055 2738; baseline 0 -24"><span class='ocrx_word' id='word_1_133' title='bbox 144 2650 521 2738; x_wconf 86' lang='lat' dir='ltr'>gnoscerentque</span> <span class='ocrx_word' id='word_1_134' title='bbox 548 2634 804 2713; x_wconf 83' lang='lat' dir='ltr'>Curatores</span> <span class='ocrx_word' id='word_1_135' title='bbox 832 2665 1055 2737; x_wconf 84' lang='lat' dir='ltr'>aquarum.</span> 
     </span>
    </p>
   </div>
   <div class='ocr_carea' id='block_1_3' title="bbox 42 2847 334 2866">
    <p class='ocr_par' dir='ltr' id='par_1_3' title="bbox 42 2847 334 2866">
     <span class='ocr_line' id='line_1_22' title="bbox 42 2847 334 2866; baseline 0 -1"><span class='ocrx_word' id='word_1_136' title='bbox 42 2847 334 2866; x_wconf 68' lang='grc' dir='ltr'>-ιι--α--ι-ιι-ι</span> 
     </span>
    </p>
   </div>
   <div class='ocr_carea' id='block_1_4' title="bbox 138 2970 1315 3835">
    <p class='ocr_par' dir='ltr' id='par_1_4' title="bbox 138 2970 1312 3253">
     <span class='ocr_line' id='line_1_23' title="bbox 140 2970 1310 3058; baseline 0.004 -27"><span class='ocrx_word' id='word_1_137' title='bbox 140 2980 252 3033; x_wconf 78' lang='lat' dir='ltr'>rentur.</span> <span class='ocrx_word' id='word_1_138' title='bbox 280 2971 398 3034; x_wconf 87' lang='lat' dir='ltr'>scilicet</span> <span class='ocrx_word' id='word_1_139' title='bbox 418 2972 556 3034; x_wconf 87' lang='lat' dir='ltr'>librarius</span> <span class='ocrx_word' id='word_1_140' title='bbox 578 2971 647 3034; x_wconf 90' lang='lat' dir='ltr'>loco</span> <span class='ocrx_word' id='word_1_141' title='bbox 669 2970 787 3034; x_wconf 81' lang='lat' dir='ltr'>litterae</span> <span class='ocrx_word' id='word_1_142' title='bbox 810 2972 831 3034; x_wconf 86' lang='lat' dir='ltr'>d</span> <span class='ocrx_word' id='word_1_143' title='bbox 852 2971 1047 3052; x_wconf 79' lang='lat' dir='ltr'>negligenter</span> <span class='ocrx_word' id='word_1_144' title='bbox 1068 2973 1188 3053; x_wconf 83' lang='lat' dir='ltr'>scripsit</span> <span class='ocrx_word' id='word_1_145' title='bbox 1206 2995 1243 3058; x_wconf 85' lang='lat' dir='ltr'>p,</span> <span class='ocrx_word' id='word_1_146' title='bbox 1264 2974 1310 3037; x_wconf 85' lang='lat' dir='ltr'>lit-</span> 
     </span>
     <span class='ocr_line' id='line_1_24' title="bbox 141 3070 1312 3153; baseline 0.003 -22"><span class='ocrx_word' id='word_1_147' title='bbox 141 3070 206 3132; x_wconf 77' lang='lat' dir='ltr'>teri</span> <span class='ocrx_word' id='word_1_148' title='bbox 233 3070 369 3149; x_wconf 68' lang='lat' dir='ltr'>invers1i3</span> <span class='ocrx_word' id='word_1_149' title='bbox 397 3074 447 3153; x_wconf 87' lang='lat' dir='ltr'>qui</span> <span class='ocrx_word' id='word_1_150' title='bbox 475 3089 559 3133; x_wconf 88' lang='lat' dir='ltr'>error</span> <span class='ocrx_word' id='word_1_151' title='bbox 584 3073 761 3134; x_wconf 74' lang='lat' dir='ltr'>sexcenties</span> <span class='ocrx_word' id='word_1_152' title='bbox 788 3071 819 3133; x_wconf 91' lang='lat' dir='ltr'>ln</span> <span class='ocrx_word' id='word_1_153' title='bbox 844 3071 924 3133; x_wconf 83' lang='lat' dir='ltr'>ltlss.</span> <span class='ocrx_word' id='word_1_154' title='bbox 955 3071 1200 3151; x_wconf 85' lang='lat' dir='ltr'>deprehenditur.</span> <span class='ocrx_word' id='word_1_155' title='bbox 1242 3076 1261 3137; x_wconf 84' lang='lat' dir='ltr'>J</span> <span class='ocrx_word' id='word_1_156' title='bbox 1284 3078 1312 3135; x_wconf 81' lang='lat' dir='ltr'>ot</span> 
     </span>
     <span class='ocr_line' id='line_1_25' title="bbox 138 3169 671 3253; baseline -0.004 -23"><span class='ocrx_word' id='word_1_157' title='bbox 138 3187 207 3231; x_wconf 85' lang='lat' dir='ltr'>reo:</span> <span class='ocrx_word' id='word_1_158' title='bbox 230 3175 468 3253; x_wconf 79' lang='lat' dir='ltr'>extirparentur‚</span> <span class='ocrx_word' id='word_1_159' title='bbox 489 3191 522 3230; x_wconf 88' lang='lat' dir='ltr'>v.</span> <span class='ocrx_word' id='word_1_160' title='bbox 544 3169 671 3232; x_wconf 79' lang='lat' dir='ltr'>Annon.</span> 
     </span>
    </p>

    <p class='ocr_par' dir='ltr' id='par_1_5' title="bbox 138 3265 1315 3647">
     <span class='ocr_line' id='line_1_26' title="bbox 180 3265 1312 3352; baseline 0.004 -21"><span class='ocrx_word' id='word_1_161' title='bbox 180 3272 209 3331; x_wconf 79' lang='lat' dir='ltr'>oi</span> <span class='ocrx_word' id='word_1_162' title='bbox 231 3288 308 3352; x_wconf 80' lang='lat' dir='ltr'>quac</span> <span class='ocrx_word' id='word_1_163' title='bbox 327 3270 436 3341; x_wconf 83' lang='lat' dir='ltr'>villae)</span> <span class='ocrx_word' id='word_1_164' title='bbox 470 3267 543 3331; x_wconf 82' lang='lat' dir='ltr'>Sch.</span> <span class='ocrx_word' id='word_1_165' title='bbox 567 3270 711 3345; x_wconf 81' lang='lat' dir='ltr'>corrigit:</span> <span class='ocrx_word' id='word_1_166' title='bbox 734 3269 903 3352; x_wconf 77' lang='lat' dir='ltr'>provilla.</span> <span class='ocrx_word' id='word_1_167' title='bbox 935 3269 1002 3331; x_wconf 87' lang='lat' dir='ltr'>An:</span> <span class='ocrx_word' id='word_1_168' title='bbox 1026 3272 1077 3330; x_wconf 84' lang='lat' dir='ltr'>cui</span> <span class='ocrx_word' id='word_1_169' title='bbox 1098 3265 1218 3333; x_wconf 68' lang='lat' dir='ltr'>adilae?</span> <span class='ocrx_word' id='word_1_170' title='bbox 1248 3270 1312 3337; x_wconf 80' lang='lat' dir='ltr'>Ant</span> 
     </span>
     <span class='ocr_line' id='line_1_27' title="bbox 138 3363 1315 3454; baseline 0.003 -25"><span class='ocrx_word' id='word_1_171' title='bbox 138 3378 349 3452; x_wconf 80' lang='lat' dir='ltr'>praeterquam</span> <span class='ocrx_word' id='word_1_172' title='bbox 370 3387 447 3451; x_wconf 80' lang='lat' dir='ltr'>puae</span> <span class='ocrx_word' id='word_1_173' title='bbox 467 3368 577 3442; x_wconf 78' lang='lat' dir='ltr'>villae,</span> <span class='ocrx_word' id='word_1_174' title='bbox 600 3369 712 3429; x_wconf 87' lang='lat' dir='ltr'>omisso</span> <span class='ocrx_word' id='word_1_175' title='bbox 735 3363 789 3431; x_wconf 76' lang='lat' dir='ltr'>si?</span> <span class='ocrx_word' id='word_1_176' title='bbox 816 3368 905 3431; x_wconf 92' lang='lat' dir='ltr'>lmmo</span> <span class='ocrx_word' id='word_1_177' title='bbox 929 3368 1084 3447; x_wconf 85' lang='lat' dir='ltr'>intellige:</span> <span class='ocrx_word' id='word_1_178' title='bbox 1104 3381 1315 3454; x_wconf 73' lang='lat' dir='ltr'>praeterquam»</span> 
     </span>
     <span class='ocr_line' id='line_1_28' title="bbox 139 3466 1314 3550; baseline 0.004 -22"><span class='ocrx_word' id='word_1_179' title='bbox 139 3472 168 3529; x_wconf 82' lang='lat' dir='ltr'>ai</span> <span class='ocrx_word' id='word_1_180' title='bbox 189 3486 266 3548; x_wconf 83' lang='lat' dir='ltr'>puae</span> <span class='ocrx_word' id='word_1_181' title='bbox 288 3466 418 3550; x_wconf 81' lang='lat' dir='ltr'>(aliquae</span> <span class='ocrx_word' id='word_1_182' title='bbox 440 3468 578 3540; x_wconf 87' lang='lat' dir='ltr'>arbores)</span> <span class='ocrx_word' id='word_1_183' title='bbox 600 3467 696 3530; x_wconf 83' lang='lat' dir='ltr'>villae</span> <span class='ocrx_word' id='word_1_184' title='bbox 718 3467 825 3538; x_wconf 85' lang='lat' dir='ltr'>(alicui</span> <span class='ocrx_word' id='word_1_185' title='bbox 839 3468 947 3547; x_wconf 87' lang='lat' dir='ltr'>villae,</span> <span class='ocrx_word' id='word_1_186' title='bbox 971 3487 1042 3532; x_wconf 84' lang='lat' dir='ltr'>casu</span> <span class='ocrx_word' id='word_1_187' title='bbox 1059 3469 1135 3542; x_wconf 85' lang='lat' dir='ltr'>dat.)</span> <span class='ocrx_word' id='word_1_188' title='bbox 1160 3475 1314 3533; x_wconf 74' lang='lat' dir='ltr'>contines·</span> 
     </span>
     <span class='ocr_line' id='line_1_29' title="bbox 139 3567 720 3647; baseline 0.005 -21"><span class='ocrx_word' id='word_1_189' title='bbox 139 3576 185 3630; x_wconf 83' lang='lat' dir='ltr'>tce</span> <span class='ocrx_word' id='word_1_190' title='bbox 206 3576 318 3629; x_wconf 80' lang='lat' dir='ltr'>essent.</span> <span class='ocrx_word' id='word_1_191' title='bbox 360 3568 399 3628; x_wconf 74' lang='lat' dir='ltr'>Fe</span> <span class='ocrx_word' id='word_1_192' title='bbox 422 3570 451 3629; x_wconf 85' lang='lat' dir='ltr'>si</span> <span class='ocrx_word' id='word_1_193' title='bbox 473 3585 551 3647; x_wconf 84' lang='lat' dir='ltr'>quoe</span> <span class='ocrx_word' id='word_1_194' title='bbox 572 3580 611 3629; x_wconf 75' lang='lat' dir='ltr'>&#39;er</span> <span class='ocrx_word' id='word_1_195' title='bbox 631 3567 720 3629; x_wconf 73' lang='lat' dir='ltr'>oilla.</span> 
     </span>
    </p>

    <p class='ocr_par' dir='ltr' id='par_1_6' title="bbox 179 3652 709 3747">
     <span class='ocr_line' id='line_1_30' title="bbox 179 3652 709 3747; baseline -0.004 -18"><span class='ocrx_word' id='word_1_196' title='bbox 179 3666 349 3747; x_wconf 80' lang='lat' dir='ltr'>aedificiis]</span> <span class='ocrx_word' id='word_1_197' title='bbox 376 3667 416 3728; x_wconf 76' lang='lat' dir='ltr'>l&#39;:</span> <span class='ocrx_word' id='word_1_198' title='bbox 438 3666 592 3746; x_wconf 80' lang='lat' dir='ltr'>aedificia.</span> <span class='ocrx_word' id='word_1_199' title='bbox 706 3652 709 3657; x_wconf 38' lang='lat'>⁵</span> 
     </span>
    </p>

    <p class='ocr_par' dir='ltr' id='par_1_7' title="bbox 179 3765 464 3835">
     <span class='ocr_line' id='line_1_31' title="bbox 179 3765 464 3835; baseline -0.004 -8"><span class='ocrx_word' id='word_1_200' title='bbox 179 3768 232 3835; x_wconf 80' lang='lat' dir='ltr'>co)</span> <span class='ocrx_word' id='word_1_201' title='bbox 261 3765 306 3829; x_wconf 82' lang='lat' dir='ltr'>V:</span> <span class='ocrx_word' id='word_1_202' title='bbox 329 3785 384 3826; x_wconf 79' lang='lat' dir='ltr'>eas</span> <span class='ocrx_word' id='word_1_203' title='bbox 403 3785 464 3828; x_wconf 84' lang='lat' dir='ltr'>rea.</span> 
     </span>
    </p>
   </div>
   <div class='ocr_carea' id='block_1_5' title="bbox 135 3862 1315 4447">
    <p class='ocr_par' dir='ltr' id='par_1_8' title="bbox 135 3862 1315 4342">
     <span class='ocr_line' id='line_1_32' title="bbox 176 3862 1314 3947; baseline 0.008 -23"><span class='ocrx_word' id='word_1_204' title='bbox 176 3883 278 3945; x_wconf 83' lang='lat' dir='ltr'>poena</span> <span class='ocrx_word' id='word_1_205' title='bbox 297 3897 339 3908; x_wconf 86' lang='lat'><em>-</em></span> <span class='ocrx_word' id='word_1_206' title='bbox 360 3862 482 3947; x_wconf 69' lang='lat' dir='ltr'>essenzt]</span> <span class='ocrx_word' id='word_1_207' title='bbox 520 3864 566 3926; x_wconf 88' lang='lat' dir='ltr'>lta</span> <span class='ocrx_word' id='word_1_208' title='bbox 591 3865 679 3926; x_wconf 89' lang='lat' dir='ltr'>codd.</span> <span class='ocrx_word' id='word_1_209' title='bbox 722 3866 743 3927; x_wconf 83' lang='lat' dir='ltr'>J</span> <span class='ocrx_word' id='word_1_210' title='bbox 748 3883 758 3927; x_wconf 74' lang='lat' dir='ltr'>a</span> <span class='ocrx_word' id='word_1_211' title='bbox 785 3869 817 3928; x_wconf 81' lang='lat' dir='ltr'>in</span> <span class='ocrx_word' id='word_1_212' title='bbox 843 3866 923 3929; x_wconf 83' lang='lat' dir='ltr'>dena</span> <span class='ocrx_word' id='word_1_213' title='bbox 948 3867 1046 3930; x_wconf 83' lang='lat' dir='ltr'>millia</span> <span class='ocrx_word' id='word_1_214' title='bbox 1072 3868 1200 3931; x_wconf 80' lang='lat' dir='ltr'>domnos</span> <span class='ocrx_word' id='word_1_215' title='bbox 1227 3879 1314 3934; x_wconf 72' lang='lat' dir='ltr'>meet.</span> 
     </span>
     <span class='ocr_line' id='line_1_33' title="bbox 138 3963 1314 4044; baseline 0.009 -21"><span class='ocrx_word' id='word_1_216' title='bbox 138 3982 221 4044; x_wconf 85' lang='lat' dir='ltr'>quam</span> <span class='ocrx_word' id='word_1_217' title='bbox 250 3964 439 4025; x_wconf 88' lang='lat' dir='ltr'>mutationem</span> <span class='ocrx_word' id='word_1_218' title='bbox 467 3963 631 4025; x_wconf 90' lang='lat' dir='ltr'>Jooundum</span> <span class='ocrx_word' id='word_1_219' title='bbox 658 3965 796 4027; x_wconf 86' lang='lat' dir='ltr'>intulisse</span> <span class='ocrx_word' id='word_1_220' title='bbox 825 3967 966 4028; x_wconf 84' lang='lat' dir='ltr'>credibile</span> <span class='ocrx_word' id='word_1_221' title='bbox 996 3971 1043 4029; x_wconf 86' lang='lat' dir='ltr'>ost</span> <span class='ocrx_word' id='word_1_222' title='bbox 1074 3986 1114 4029; x_wconf 89' lang='lat' dir='ltr'>ex</span> <span class='ocrx_word' id='word_1_223' title='bbox 1143 3967 1215 4031; x_wconf 85' lang='lat' dir='ltr'>Art.</span> <span class='ocrx_word' id='word_1_224' title='bbox 1240 3975 1314 4035; x_wconf 75' lang='lat'>129:</span> 
     </span>
     <span class='ocr_line' id='line_1_34' title="bbox 138 4062 1315 4150; baseline 0.007 -27"><span class='ocrx_word' id='word_1_225' title='bbox 138 4071 252 4124; x_wconf 82' lang='lat' dir='ltr'>centum</span> <span class='ocrx_word' id='word_1_226' title='bbox 278 4063 375 4123; x_wconf 84' lang='lat' dir='ltr'>millia</span> <span class='ocrx_word' id='word_1_227' title='bbox 404 4062 480 4124; x_wconf 82' lang='lat' dir='ltr'>dore</span> <span class='ocrx_word' id='word_1_228' title='bbox 507 4063 636 4126; x_wconf 82' lang='lat' dir='ltr'>domnos</span> <span class='ocrx_word' id='word_1_229' title='bbox 663 4074 740 4126; x_wconf 79' lang='lat' dir='ltr'>esto.</span> <span class='ocrx_word' id='word_1_230' title='bbox 783 4064 872 4128; x_wconf 83' lang='lat' dir='ltr'>POL.</span> <span class='ocrx_word' id='word_1_231' title='bbox 916 4067 997 4129; x_wconf 90' lang='lat' dir='ltr'>Vet</span> <span class='ocrx_word' id='word_1_232' title='bbox 1018 4068 1095 4129; x_wconf 86' lang='lat' dir='ltr'>edd:</span> <span class='ocrx_word' id='word_1_233' title='bbox 1125 4072 1157 4130; x_wconf 82' lang='lat' dir='ltr'>in</span> <span class='ocrx_word' id='word_1_234' title='bbox 1177 4070 1315 4150; x_wconf 73' lang='lat' dir='ltr'>stapulas</span> 
     </span>
     <span class='ocr_line' id='line_1_35' title="bbox 137 4156 1315 4246; baseline 0.006 -24"><span class='ocrx_word' id='word_1_235' title='bbox 137 4181 188 4223; x_wconf 83' lang='lat' dir='ltr'>res</span> <span class='ocrx_word' id='word_1_236' title='bbox 208 4164 238 4221; x_wconf 85' lang='lat' dir='ltr'>in</span> <span class='ocrx_word' id='word_1_237' title='bbox 262 4156 309 4241; x_wconf 80' lang='lat' dir='ltr'>[V</span> <span class='ocrx_word' id='word_1_238' title='bbox 326 4180 383 4224; x_wconf 86' lang='lat' dir='ltr'>om.</span> <span class='ocrx_word' id='word_1_239' title='bbox 405 4166 451 4233; x_wconf 84' lang='lat' dir='ltr'>io)</span> <span class='ocrx_word' id='word_1_240' title='bbox 475 4161 555 4225; x_wconf 85' lang='lat' dir='ltr'>dena</span> <span class='ocrx_word' id='word_1_241' title='bbox 575 4164 672 4226; x_wconf 83' lang='lat' dir='ltr'>millia</span> <span class='ocrx_word' id='word_1_242' title='bbox 693 4164 821 4229; x_wconf 67' lang='lat' dir='ltr'>Mmooe</span> <span class='ocrx_word' id='word_1_243' title='bbox 842 4175 930 4229; x_wconf 81' lang='lat' dir='ltr'>esset.</span> <span class='ocrx_word' id='word_1_244' title='bbox 973 4167 1139 4246; x_wconf 76' lang='lat' dir='ltr'>Syntaxis:</span> <span class='ocrx_word' id='word_1_245' title='bbox 1160 4166 1221 4231; x_wconf 87' lang='lat' dir='ltr'>HS</span> <span class='ocrx_word' id='word_1_246' title='bbox 1243 4169 1315 4231; x_wconf 76' lang='lat' dir='ltr'>dena</span> 
     </span>
     <span class='ocr_line' id='line_1_36' title="bbox 135 4259 477 4342; baseline 0.012 -20"><span class='ocrx_word' id='word_1_247' title='bbox 135 4259 227 4322; x_wconf 85' lang='lat' dir='ltr'>millia</span> <span class='ocrx_word' id='word_1_248' title='bbox 247 4265 350 4323; x_wconf 86' lang='lat' dir='ltr'>essent</span> <span class='ocrx_word' id='word_1_249' title='bbox 370 4282 477 4342; x_wconf 82' lang='lat' dir='ltr'>poena.</span> 
     </span>
    </p>

    <p class='ocr_par' dir='ltr' id='par_1_9' title="bbox 175 4351 1153 4447">
     <span class='ocr_line' id='line_1_37' title="bbox 175 4351 1153 4447; baseline 0.007 -24"><span class='ocrx_word' id='word_1_250' title='bbox 175 4379 254 4442; x_wconf 85' lang='lat' dir='ltr'>pars</span> <span class='ocrx_word' id='word_1_251' title='bbox 274 4369 389 4438; x_wconf 84' lang='lat' dir='ltr'>antem)</span> <span class='ocrx_word' id='word_1_252' title='bbox 419 4362 466 4424; x_wconf 86' lang='lat' dir='ltr'>V:</span> <span class='ocrx_word' id='word_1_253' title='bbox 489 4369 520 4424; x_wconf 85' lang='lat' dir='ltr'>et</span> <span class='ocrx_word' id='word_1_254' title='bbox 536 4380 625 4445; x_wconf 82' lang='lat' dir='ltr'>pura.</span> <span class='ocrx_word' id='word_1_255' title='bbox 653 4351 673 4428; x_wconf 78' lang='lat' dir='ltr'><strong>J</strong></span> <span class='ocrx_word' id='word_1_256' title='bbox 693 4367 725 4428; x_wconf 83' lang='lat' dir='ltr'>ct</span> <span class='ocrx_word' id='word_1_257' title='bbox 746 4381 813 4430; x_wconf 81' lang='lat' dir='ltr'>rec:</span> <span class='ocrx_word' id='word_1_258' title='bbox 833 4385 911 4447; x_wconf 84' lang='lat' dir='ltr'>para</span> <span class='ocrx_word' id='word_1_259' title='bbox 931 4367 1031 4430; x_wconf 82' lang='lat' dir='ltr'>altera</span> <span class='ocrx_word' id='word_1_260' title='bbox 1054 4367 1123 4430; x_wconf 82' lang='lat' dir='ltr'>dim.</span> <span class='ocrx_word' id='word_1_261' title='bbox 1150 4402 1153 4407; x_wconf 90' lang='lat'>·</span> 
     </span>
    </p>
   </div>
   <div class='ocr_carea' id='block_1_6' title="bbox 0 0 1430 4726">
    <p class='ocr_par' dir='ltr' id='par_1_10' title="bbox 0 0 1430 4726">
     <span class='ocr_line' id='line_1_38' title="bbox 0 0 1430 4726; baseline 0 7"><span class='ocrx_word' id='word_1_262' title='bbox 0 0 1430 4726; x_wconf 95' lang='lat' dir='ltr'> </span> 
     </span>
    </p>
   </div>
  </div>
 </body>
</html>
