2888 4710
78 168 157 247 ἔω
502 169 947 249 ANNO'I'A'I'IONES.

79 407 186 469 minum
214 424 247 468 se
269 408 415 466 moturum
444 423 515 467 esse
538 406 654 468 sciebat
673 406 854 484 Frontinus,
882 408 910 467 si
938 404 991 466 illa
1011 405 1165 488 probaret.
1208 405 1261 468 Ad
1282 405 1355 468 tinem

79 522 148 584 libri
167 522 344 585 Frontinus:
367 542 433 582 earo
454 523 552 603 officii
569 522 660 604 fidem
676 528 766 586 etium
784 542 843 605 per
864 522 1004 604 offensus
1024 526 1103 584 tueri
1121 525 1323 604 praestiterit.

160 675 296 751 irrlpaos
316 667 426 751 apros]
461 691 520 753 per
543 675 640 734 riuos.
682 671 765 749 Ego.
806 671 944 735 Brisson.
971 690 1003 736 v.
1028 675 1127 733 rivus.
1169 671 1305 736 Gronov.
1324 673 1357 734 sd

79 787 191 851 Senes.
221 807 254 868 p.
284 791 356 851 212.
397 787 504 849 Manil.
535 806 565 867 p.
593 791 644 851 88.
687 784 795 850 Sidon.
822 785 979 866 Appollin.
1022 784 1119 850 Garun.
1152 786 1259 852 XXII.
1294 791 1359 852 201.

78 924 145 988 sqq.
165 902 306 967 imino.
1357 932 1360 937 ·

160 1051 368 1135 corruptelas)
390 1053 411 1114 i.
428 1069 456 1116 e.
477 1070 592 1129 ganeas
614 1056 646 1116 et
666 1051 829 1133 lupanaria.
871 1052 1033 1117 Foreeilin.
1056 1055 1087 1115 in
1107 1072 1140 1115 v.
1167 1053 1255 1141 Quae
1276 1057 1359 1116 vetus

79 1169 188 1248 glossa
207 1170 239 1230 in
261 1167 395 1232 Glossar.
438 1168 571 1230 Labbaei
592 1171 684 1231 vooat
704 1168 916 1231 conventicula
935 1170 1134 1250 perditorum.
1156 1168 1297 1234 HElNR.
1316 1168 1358 1232 lie

78 1284 256 1349 coenaculis
275 1304 308 1345 v.
330 1283 405 1348 Soli.
428 1284 499 1346 Vll.
523 1288 572 1345 12.

157 1403 333 1484 perpetuis)
356 1400 375 1463 i.
398 1418 427 1462 e.
446 1403 596 1480 perpetuo
617 1417 722 1483 aquam
745 1401 896 1463 dantibus.

156 1517 252 1599 saleio
273 1515 389 1590 titulis)
410 1515 480 1580 Art
502 1535 567 1599 seq.
587 1516 685 1597 falsis
704 1516 883 1579 nominibus.
903 1514 1044 1580 imisit.

158 1633 254 1695 ellim
275 1626 451 1713 receptam]
485 1628 611 1693 Claudia
632 1636 696 1694 erat
716 1632 834 1694 altioris
855 1632 948 1694 librae
977 1635 1009 1693 et
1030 1634 1242 1730 arripiebatur
1262 1633 1357 1713 altius,

76 1766 162 1832 quam
182 1748 280 1826 Julia3
307 1766 399 1830 quare
420 1746 487 1808 l'ol.
509 1749 642 1810 restituit
662 1748 767 1810 altius.
809 1746 844 1809 ln
865 1748 989 1810 eandem
1018 1750 1197 1811 sententiam
1219 1749 1294 1815 son.
1314 1750 1357 1813 le.

77 1865 140 1944 git:
162 1883 255 1946 opere
276 1873 406 1924 arcuato
427 1864 540 1925 altiore
560 1874 731 1946 exceptam,
753 1884 774 1926 u
794 1863 861 1946 Spe
881 1883 977 1947 usqae
998 1868 1058 1929 eto.
1079 1865 1183 1926 ,lltius
1205 1876 1358 1949 sareptam

78 1980 198 2057 dieitur,
221 1982 254 2040 ut
274 1978 343 2041 Art.
365 1984 425 2040 20:
446 1983 528 2041 Anio
550 1990 583 2041 et
601 1981 734 2044 Claudia
756 1984 787 2041 ia
807 1981 940 2043 altiores
961 2000 1055 2042 ureae
1075 1984 1277 2062 recipiantur.
1309 2002 1357 2066 qua

77 2097 106 2158 in
133 2113 168 2157 re
194 2099 341 2178 excipere
367 2100 398 2157 et
423 2097 566 2176 recipere
590 2098 762 2175 promiscue
789 2097 948 2176 usurpavit
972 2096 1150 2178 Frontinus,
1180 2100 1215 2160 ut
1235 2098 1356 2161 vidimus

75 2212 145 2275 nrt.
175 2217 226 2274 ou.
268 2210 317 2274 Gi.
339 2212 408 2274 Art.
432 2216 485 2276 18:
520 2212 698 2273 Allissimae
725 2222 774 2274 est
797 2214 880 2273 Anio
901 2212 1032 2287 Nouus,
1057 2217 1201 2295 proxima
1222 2214 1355 2278 Claudia.

76 2328 189 2392 Melior
209 2331 292 2389 certo
314 2330 497 2404 emendatio,
524 2342 609 2410 quam
633 2331 681 2389 est
702 2327 828 2404 Poieni,
856 2329 886 2389 in
907 2331 1035 2389 mentem
1057 2346 1117 2389 non
1139 2331 1236 2392 venit.
1281 2329 1356 2411 (lpus

77 2446 174 2507 autern
203 2448 351 2505 arcuatum
378 2448 448 2505 sunt
474 2460 563 2504 arcus
589 2444 753 2505 Neroniani
780 2440 831 2524 [ut
852 2444 1007 2505 audiemus
1034 2442 1103 2504 Art.
1125 2441 1203 2525 Si),
1233 2445 1300 2528 qui,
1326 2445 1356 2507 sd

78 2561 168 2640 Spem
191 2561 332 2622 Veterem
354 2561 553 2640 incipientes,
584 2562 669 2621 iuxta
690 2560 831 2639 templum
851 2560 925 2621 Divi
946 2557 1065 2622 Claudii
1087 2561 1292 2641 terminantur,
1313 2578 1356 2623 ro-

77 2680 195 2739 i'erente
216 2677 358 2739 Frontino
381 2677 451 2738 Art.
475 2682 526 2737 20.

159 2797 307 2867 omissae)
330 2791 404 2854 Soh.
426 2794 514 2871 „sind
537 2794 587 2853 die
609 2794 746 2854 ersteren
771 2791 902 2863 (Mareia
924 2796 956 2854 et
970 2789 1067 2871 lolia]
1091 2791 1175 2854 nieht
1196 2794 1358 2872 weiterpe-

78 2907 177 2984 ldlrrt,
198 2909 329 2969 sondorn
351 2910 580 2988 preisgegebon
604 2907 766 2971 worden.“
810 2926 957 2986 perverso
980 2927 1089 2985 sensu,
1117 2909 1144 2969 si
1166 2911 1240 2990 quid
1260 2910 1357 2985 video,

78 3029 112 3088 nt
126 3025 177 3087 rel
200 3043 241 3087 ox
263 3043 348 3107 seqq.
370 3027 464 3103 patet.
507 3025 603 3112 Quum
626 3023 753 3087 Claudia
773 3025 917 3104 perducta
939 3028 1039 3101 esset,
1062 3025 1128 3104 ipsa
1149 3025 1269 3105 quidem
1291 3042 1359 3107 aqna

77 3144 187 3204 mutata
215 3142 280 3219 est,
310 3144 399 3222 atque
426 3140 457 3200 in
477 3140 611 3201 Marciae
638 3140 796 3220 Juliaequo
824 3159 962 3221 aquarum
991 3140 1088 3201 looum
1117 3143 1272 3202 suonessit
1291 3157 1360 3223 aqna

77 3256 234 3336 Claudiae,
257 3259 301 3318 ita
321 3261 354 3317 ut
374 3258 504 3335 priores,
528 3257 633 3318 nedum
648 3255 804 3335 ampliatae
827 3258 888 3317 sint
909 3257 928 3317 i.
943 3276 971 3317 e.
994 3256 1165 3336 ampliorem
1184 3275 1280 3340 aquae
1299 3275 1362 3317 mo-

78 3374 145 3436 dum
172 3374 331 3454 ceperint,
364 3375 470 3434 austae
503 3374 615 3454 quippe
649 3390 742 3453 aquae
778 3375 867 3450 eopia
900 3392 918 3433 a
947 3372 1073 3436 Claudia
1106 3374 1276 3453 perducta,
1309 3371 1362 3433 sel

78 3493 207 3551 omfssae
228 3490 329 3569 potius
352 3489 472 3567 luerint,
496 3489 516 3549 i.
539 3506 567 3552 e.
590 3489 709 3550 ormino
734 3489 906 3565 neglectae,
930 3493 961 3550 ot
982 3487 1107 3550 Claudia
1128 3489 1197 3550 sola
1218 3491 1277 3562 (oi.
1298 3486 1362 3550 nrt.

76 3609 135 3679 81)
155 3622 258 3687 aquam
281 3623 452 3682 suggerere
477 3604 590 3665 eredita
612 3606 663 3667 sit.
704 3605 768 3665 lam
791 3602 917 3666 Claudia
945 3605 1080 3686 quamvis
1108 3605 1138 3665 in
1160 3605 1293 3683 priorum
1313 3622 1363 3665 ra-

77 3720 169 3784 stella
190 3738 291 3802 aquam
314 3738 396 3781 suam
419 3722 580 3799 infuderit,
603 3720 731 3803 illasque
752 3738 849 3801 paene
872 3719 1019 3781 oblivioni
1041 3720 1169 3798 dederit,
1192 3724 1292 3783 tamen
1313 3734 1363 3781 ea-

77 3835 168 3900 stolla
188 3853 247 3898 non
269 3835 417 3897 mutabant
434 3837 569 3915 nomina3
590 3836 676 3899 immo
695 3835 823 3900 Claudia
844 3836 934 3898 dabat
954 3854 1068 3918 aquam,
1092 3838 1124 3898 et
1145 3835 1286 3898 castellis
1306 3852 1362 3897 ro-

78 3957 127 4019 tus
146 3952 338 4033 permanebat
353 3951 449 4013 Juliao
471 3956 503 4015 ot
522 3951 656 4014 Marciae
677 3951 854 4032 appellatio.

160 4100 210 4166 Ad
230 4098 300 4163 Art.
323 4099 409 4161 finem
431 4105 552 4163 annotat
574 4101 783 4164 Heinriohius:
813 4099 956 4180 ,Igitur,
979 4100 1058 4182 quod
1080 4102 1296 4164 emendandum
1316 4100 1365 4160 si-

79 4217 221 4295 dobatur,
243 4215 302 4276 hoo
324 4219 397 4292 erat,
420 4219 453 4278 ut
475 4218 606 4279 omissae
627 4236 645 4278 a
665 4217 788 4280 Nerone
810 4235 920 4300 aquae,
943 4218 1123 4280 adiiciendis
1146 4216 1295 4297 castellis,
1317 4233 1365 4278 re-

78 4333 259 4395 vocarentur
279 4333 308 4393 in
330 4328 444 4395 usum.“
