2888 4710
443 192 515 269 lm
548 191 738 285 AQUAu
776 191 1057 272 DUCTIBUS.
1316 190 1389 266 117

118 388 235 480 Quem
270 389 415 462 reditum
450 415 559 487 prope
592 398 835 465 sestertiorum
868 391 1092 465 ducentorum
1124 393 1295 489 quinqua-

116 507 212 602 ginta
238 506 397 593 millium,
432 507 615 579 alienatum
642 532 684 580 ao
710 532 859 607 vagum,
892 512 1066 606 proximis
1091 531 1178 580 vero
1203 519 1295 580 tem-

115 623 261 717 poribus
300 624 334 694 iu
371 622 560 695 Domitiani
599 623 735 696 loculos
776 648 1004 718 eorrversum,
1045 623 1175 696 iustitia
1211 622 1296 696 Divi

114 737 263 813 Nervae
296 737 424 835 populo
460 740 629 833 restituit,
665 751 786 811 nostra
812 738 982 811 sedulitas
1008 737 1053 812 ad
1079 748 1209 812 certam
1234 764 1294 810 re-

114 852 233 949 gulam
260 852 416 951 redegit,
444 865 483 925 ut
508 864 703 948 constaret,
733 878 823 949 quae
850 865 972 928 essent
991 854 1035 929 ad
1053 854 1121 931 hoo
1141 852 1296 950 vectigal

113 969 319 1065 pertinentia
350 969 438 1042 looa.
492 968 664 1045 Caesaris
698 969 824 1042 familia
858 995 905 1042 ex
929 968 1017 1044 fiseo
1045 971 1171 1069 aooipit
1196 993 1296 1042 oom-

112 1083 233 1173 moda3
268 1082 360 1157 unde
396 1096 430 1157 et
464 1109 564 1158 omne
598 1086 774 1182 plumbum
811 1096 844 1159 et
878 1109 1000 1159 omnes
1038 1087 1220 1183 impensae
1253 1082 1297 1156 ad

113 1198 241 1272 duetus
269 1212 304 1272 et
329 1200 473 1273 castella
499 1212 534 1273 et
560 1201 659 1273 lacus
685 1201 899 1299 pertinentes
927 1212 1127 1298 erogantur.

189 1313 364 1405 Quoniam
399 1340 488 1412 quae
520 1316 727 1391 videbantur
760 1312 804 1388 ad
839 1317 999 1390 familiam
1026 1317 1201 1414 pertinere
1228 1339 1294 1387 ex·
1321 1311 1393 1388 119

110 1431 314 1526 posuimus,
343 1432 388 1505 ad
412 1433 556 1505 tutelam
581 1431 765 1526 ductuum,
793 1434 887 1511 sieut
911 1437 1208 1531 promiseramus,
1238 1428 1294 1502 di-

110 1556 310 1644 vertemuS,
346 1572 421 1621 rem
451 1548 609 1621 enixiore
639 1571 723 1622 eura
750 1548 909 1645 dignam,
944 1572 1023 1621 oum
1048 1543 1294 1643 magnitudinis

107 1660 261 1735 Romani
285 1663 420 1759 imperii
446 1663 480 1735 id
505 1664 732 1761 praecipuum
757 1666 805 1740 sit
830 1664 1004 1737 indicium.
1054 1662 1167 1736 Multa
1192 1670 1296 1756 atque

109 1779 225 1874 ampla
251 1801 357 1874 opera
384 1779 532 1853 subinde
558 1791 769 1875 noseorum,
797 1781 925 1876 quibus
947 1789 1026 1852 ante
1046 1781 1207 1851 suocurri
1227 1774 1293 1849 de·

105 1893 183 1987 bet,
213 1915 315 1988 quam
340 1918 468 1991 magno
495 1896 624 1968 auxilio
652 1919 762 1993 egere
788 1897 963 1994 incipiant.
995 1895 1210 1989 Plerumque
1236 1900 1292 1967 ta-

105 2032 188 2084 men
214 2009 373 2105 prudenti
398 2021 670 2107 temperamento
697 2011 922 2102 sustinenda;
950 2011 1123 2107 quianon
1150 2032 1292 2104 semper

104 2148 197 2221 opus
223 2137 284 2198 aut
309 2126 427 2198 lacere
453 2136 512 2199 aut
534 2128 700 2224 ampliare
723 2127 970 2224 quaerentibus
991 2123 1201 2199 credendum
1223 2135 1290 2201 est.

102 2240 262 2336 Ideoque
295 2266 364 2315 non
397 2242 511 2315 solum
545 2244 693 2319 seientia
725 2245 935 2341 peritorum,
977 2240 1043 2315 sed
1082 2252 1116 2313 et
1146 2244 1288 2337 proprio

101 2381 173 2431 usu
200 2354 356 2432 Curatur
380 2359 571 2431 instructus
598 2379 682 2432 esse
709 2358 831 2453 debet,
859 2382 926 2431 neo
953 2381 1041 2431 suae
1060 2365 1191 2430 tantum
1211 2365 1288 2428 sta-

100 2474 208 2547 tionis
243 2472 441 2547 architectis
475 2475 542 2568 uti,
585 2473 651 2546 sed
681 2475 830 2571 plurium
862 2473 1038 2547 advocare
1069 2497 1138 2545 mm
1171 2478 1287 2544 minus

100 2588 227 2684 fidem,
264 2613 365 2686 quam
398 2591 641 2683 subtilitatem,
678 2609 715 2663 ut
741 2593 919 2679 aestimet,
956 2613 1046 2685 quae
1071 2609 1284 2684 repraesen-

98 2705 223 2800 tanda,
272 2729 362 2802 quae
395 2705 583 2778 differenda
615 2711 704 2800 sint,
749 2718 783 2778 et
815 2729 958 2798 rursuS,
1004 2727 1094 2800 quae
1127 2726 1191 2801 per
1223 2727 1283 2776 re-

66 2822 304 2920 ·demptores
339 2821 433 2896 ellici
466 2820 630 2916 debeant,
671 2844 762 2918 quae
787 2845 851 2919 per
877 2820 1093 2898 domestims
1119 2816 1283 2891 artifices.

101 2939 310 3013 Nascuntur
336 2962 442 3036 opera
469 2962 514 3012 ex
539 2936 594 3013 his
621 2938 760 3013 causis:
800 2947 860 3041 aut
885 2936 968 3031 quid
992 2945 1169 3012 vetustate
1195 2958 1278 3009 oor-
1305 2930 1381 3007 120

138 3170 394 3250 promiseramus)
418 3167 460 3233 C:
479 3175 690 3254 promiseram.
712 3169 780 3236 soll.
801 3189 857 3249 pro
879 3204 917 3217 -—
941 3174 998 3230 am'
1019 3168 1082 3231 i.e.
1104 3186 1199 3229 amur.
1317 3186 1365 3236 119

138 3267 337 3345 divertemus)
358 3270 387 3331 V
408 3270 447 3333 F:
470 3270 665 3332 divertamus.
687 3270 706 3330 J
728 3274 759 3331 el
780 3284 848 3333 roo:
871 3269 1058 3331 divertimus.

135 3368 292 3446 celsiore)
316 3365 404 3431 GU:
428 3374 601 3431 enixiorem.

135 3467 170 3528 id
189 3469 318 3548 praec.)
343 3465 388 3530 C:
412 3479 445 3529 ut
461 3488 514 3549 pr.
536 3468 620 3533 VF:
642 3468 686 3530 ad
705 3471 888 3550 principium
909 3472 952 3529 eit
973 3469 1097 3528 initium.

133 3567 331 3645 sustinenda)
376 3567 409 3627 ln
444 3569 653 3629 ernendatione
685 3572 847 3628 erratorum
885 3568 922 3627 ad
955 3565 1041 3626 linem
1070 3565 1120 3624 ed.
1140 3562 1208 3628 loc.
1230 3563 1279 3624 le-

91 3666 194 3743 gitur:
230 3665 380 3746 pleraque
407 3675 505 3727 tamen
524 3699 567 3710 -η
587 3666 766 3728 sustinenda
792 3673 873 3729 eunt.
904 3681 998 3744 eaque
1020 3681 1038 3725 a
1057 3663 1277 3744 posterioribus

90 3765 259 3825 editoribus
281 3764 407 3840 vulgata
429 3769 477 3825 est
498 3764 601 3826 lectio.
645 3764 719 3827 sen.
741 3771 813 3825 sunt
831 3767 938 3825 sustin.

131 3867 204 3944 puta
226 3881 286 3925 noo
305 3865 422 3945 semp.)
446 3862 490 3924 U:
514 3868 563 3945 qui
584 3874 655 3926 uate
675 3882 769 3945 seam.
792 3863 821 3924 V
838 3864 876 3927 F:
899 3864 969 3944 qula
990 3868 1060 3925 unte
1080 3880 1184 3943 super.

129 3964 284 4040 aestimet)
308 3961 351 4023 U:
373 3968 531 4025 etristimet.

127 4081 187 4143 per
207 4061 432 4142 redemptores)
458 4062 621 4123 Rroidilno
644 4054 776 4122 duetus?
817 4060 953 4124 tramit.

129 4180 169 4220 es
196 4160 246 4221 bie
274 4160 383 4238 cous.)
417 4161 496 4222 Tres
526 4162 625 4222 codd:
660 4181 698 4224 eu
725 4166 755 4222 in
783 4159 859 4241 (pro
882 4165 943 4235 iis)
976 4179 1060 4226 auus.
1110 4162 1182 4223 Jet
1204 4178 1272 4223 reo:
1322 4178 1372 4229 roo

81 4258 153 4338 fere
174 4278 214 4319 ea
231 4259 280 4321 bis
298 4279 407 4336 cous.,·
428 4261 458 4321 in
481 4279 538 4342 quo
562 4279 632 4321 roe.
652 4261 721 4340 fere
741 4259 799 4320 huo
822 4260 992 4323 translatum
1015 4260 1133 4322 videtur
1154 4279 1193 4321 ex
1210 4261 1271 4320 inl-

86 4360 130 4419 tio
154 4357 223 4419 Art.
247 4377 312 4440 seq.
