2888 4710
75 155 152 232 234
495 156 934 245 ANNO'I'A'I'IONES.

162 393 314 474 obseptio)
354 391 503 474 obsepire
523 395 646 473 proprio
666 392 716 456 bic
739 395 873 474 praedita
894 398 942 456 est
962 393 1110 471 notione,
1140 412 1237 474 „sepe
1259 413 1346 476 oppo-

81 509 183 572 nere.“
226 507 298 571 Scb.
315 509 550 587 „verubuneu.“
592 510 707 573 Laudat
727 509 889 571 Porcellin.
910 510 941 569 in
961 529 993 572 v.
1014 543 1054 554 —-
1097 508 1203 572 Verba
1223 515 1349 589 statuite,

77 629 193 709 ponito,
215 624 365 686 collocato
388 623 638 702 significationem
659 623 770 686 babent
791 624 975 703 generalem.

160 744 467 824 proeterqoomxetc.)
496 739 618 816 Integra
640 741 735 802 oratio
759 745 822 802 est:
850 744 1056 822 praeterquam
1078 759 1180 802 eorum
1205 743 1351 805 iaciendo-

82 877 143 919 rum
166 860 245 929 (ct)
273 855 510 935 reponendarum
532 873 640 933 cansa,
668 872 744 937 quae
765 854 821 917 bac
843 855 916 933 lege
937 855 1000 917 fleri
1029 858 1104 930 (et)
1128 858 1238 936 reponi
1259 858 1351 920 licebit

83 976 155 1044 (et)
180 970 344 1051 oportebit.
387 970 517 1032 Verbum
536 968 607 1051 fieri
627 970 775 1052 quaslibet
795 971 983 1050 amplectitur
999 974 1148 1048 actiones,
1171 975 1211 1034 ad
1234 977 1352 1036 nostran

83 1106 144 1148 rem
166 1089 366 1166 pertinentes:
395 1105 543 1168 reponere
563 1091 660 1148 autern
683 1090 731 1148 est
751 1086 872 1165 „ordini
894 1106 949 1148 suo
971 1091 1003 1148 et
1022 1086 1161 1166 legitimo
1185 1091 1279 1151 statui
1298 1091 1353 1170 pri-

84 1206 162 1265 stino
183 1200 378 1265 restituere.“

164 1322 293 1400 siremps
315 1318 365 1380 les
385 1351 424 1361 —
445 1312 527 1399 esto]
549 1318 697 1398 Vulgaris
718 1317 854 1396 lormula,
876 1318 987 1380 littoris
1009 1319 1175 1381 initialibus
1197 1317 1288 1383 scrobi
1309 1340 1356 1382 so-

84 1435 149 1497 lita.
192 1435 358 1516 „Siremps,
380 1433 494 1511 similis,
517 1434 630 1495 eadem.
664 1433 748 1514 lips.
770 1433 876 1514 Antiq.
898 1435 984 1497 Lect.
1004 1434 1029 1494 l.
1053 1433 1101 1496 l.“
1118 1438 1245 1498 annotat
1260 1435 1354 1497 Helm.

163 1569 297 1633 poscere
316 1549 437 1611 derbem
459 1547 535 1630 etc.)
564 1550 701 1612 Brisson.
723 1549 876 1627 vulgatam
898 1552 1019 1611 secutus
1040 1554 1104 1630 est;
1134 1548 1263 1615 Corrad.
1290 1570 1356 1631 pro-

85 1665 188 1745 ponit:
209 1675 320 1742 sentes,
340 1684 451 1748 cepres
471 1685 590 1742 eruere,
610 1685 668 1748 per
689 1666 869 1728 Curatores:
892 1665 941 1746 qui
962 1667 1110 1747 quomodo
1133 1666 1276 1747 singulas
1296 1686 1359 1730 seu·

87 1783 198 1845 tentiae
226 1781 436 1842 coniunxerint
463 1785 494 1843 et
513 1780 694 1861 retulerint,
708 1798 767 1841 non
788 1799 945 1862 assequor.
988 1780 1120 1843 l’olenus
1141 1784 1233 1844 codd.
1257 1780 1358 1845 lectio-

87 1915 154 1958 nem
176 1897 346 1974 expressit,
377 1897 489 1957 omisso
511 1907 614 1959 sentes
642 1900 673 1958 et
697 1896 801 1958 lacuna
826 1896 940 1958 relicta.
982 1897 1040 1960 Hic
1070 1900 1119 1959 vir
1145 1897 1279 1978 doctus,
1308 1901 1360 1980 qui,

88 2014 254 2093 respiciens
276 2013 312 2074 ad
332 2011 402 2073 Art.
422 2017 495 2088 118,
524 2012 572 2073 ubi
596 2013 633 2073 de
655 2012 756 2079 redita
776 2013 971 2092 vectigalium
991 2013 1036 2075 od
1056 2017 1105 2077 ias
1126 2033 1278 2098 aquarum
1295 2034 1361 2097 per-

88 2131 240 2191 tinentium
261 2146 357 2190 semro
381 2130 437 2206 est,
460 2127 604 2189 credibile
626 2146 695 2189 esse
715 2131 811 2208 putat,
833 2128 1000 2206 vectigalia
1015 2132 1201 2209 pependisse
1213 2148 1282 2209 eos,
1302 2130 1362 2212 qui-

88 2244 145 2305 bus
168 2245 247 2306 olroa
269 2244 394 2322 ductus,
423 2261 549 2323 pascere
570 2243 690 2305 berham
712 2246 744 2306 et
764 2246 863 2305 lenum
885 2261 988 2305 secare
1009 2247 1220 2325 permisissent
1243 2243 1364 2308 cumo-

88 2377 139 2421 res
160 2350 309 2441 nqnarum,
332 2359 507 2420 sententiam
528 2359 624 2420 luisse
646 2360 771 2422 coniloit
790 2359 886 2422 banc:
910 2365 1064 2443 quominus
1086 2365 1116 2423 io
1138 2381 1176 2423 eo
1201 2362 1274 2425 loco
1295 2377 1365 2444 pos-

91 2496 161 2538 cere
180 2475 312 2553 berdom,
333 2477 434 2555 serrum
455 2494 565 2536 secare
583 2477 706 2557 possint
720 2478 781 2537 aiei
802 2479 841 2551 ii,
869 2475 975 2558 ouibus
993 2481 1189 2559 permiserint
1206 2479 1366 2540 Curatores

90 2611 246 2675 aquaram.
289 2590 364 2653 Sob.
388 2590 486 2652 loonm
515 2590 644 2652 bonoim
666 2591 782 2652 modum
805 2592 979 2653 constituit:
1010 2593 1175 2683 Quominos
1196 2597 1267 2677 pair
1286 2598 1317 2656 ie
1335 2610 1365 2655 ea

92 2709 160 2771 loeo
181 2712 284 2790 possit
300 2725 433 2790 pascere
448 2706 579 2783 derbem,
598 2707 700 2787 fenum
715 2725 835 2782 secure,
856 2716 957 2769 semes
972 2728 1085 2785 serere,
1106 2708 1247 2786 arborea,
1268 2727 1368 2792 oepres

91 2825 142 2886 eet
163 2828 257 2902 vites,
290 2831 394 2885 carent
414 2822 582 2885 Curatores
601 2842 766 2906 aquaram,
796 2827 848 2905 qm*
873 2843 952 2884 manc
979 2835 1049 2886 sunt
1075 2829 1184 2908 quique
1213 2833 1318 2905 erunt,
1342 2832 1369 2886 st

95 2943 183 3001 eirea
202 2940 282 3020 soar.
318 2943 377 3000 etc.
420 2937 577 2999 Sententia
604 2939 648 3017 ei,
679 2957 763 3020 quam
792 2938 860 3000 Pol.
887 2940 1034 3019 reddidit,
1059 2960 1186 3019 prorsus
1216 2940 1366 3004 contraria

93 3056 202 3118 Fateor
229 3059 344 3134 auteur,
372 3055 473 3114 usinum
502 3053 572 3114 milri
599 3055 717 3133 videri,
752 3056 833 3136 quod
861 3072 899 3116 ue
920 3073 1047 3134 pascere
1068 3055 1190 3118 berbam
1219 3057 1368 3136 fenumque

94 3190 199 3234 secare
222 3170 339 3253 quidem
361 3170 453 3230 luerit
473 3187 532 3230 nou
554 3168 703 3249 illicitum,
732 3188 807 3253 quae
829 3188 896 3249 res,
918 3175 1020 3234 nostra
1040 3191 1158 3254 quoque
1180 3175 1283 3236 aetate
1303 3169 1369 3232 locis

93 3287 223 3368 publlcls
245 3286 378 3369 alioquin
399 3284 505 3346 vetitis
527 3303 684 3362 concessa,
707 3285 847 3348 ductibus
868 3285 941 3348 nibil
964 3287 1117 3367 nocuerit,
1140 3290 1229 3349 immo
1252 3289 1369 3351 reditum

76 3380 212 3465 'civitati
237 3402 400 3482 paraverit.
442 3399 512 3479 ligo
540 3400 584 3461 sio
615 3403 725 3461 statuo.
768 3402 898 3463 Poscere
925 3402 1046 3463 herbam
1072 3407 1103 3465 et
1129 3405 1232 3465 lenum
1263 3420 1369 3478 secare,

96 3536 155 3580 non
176 3521 224 3579 est
245 3517 323 3599 quod
344 3535 488 3594 negemus
510 3514 586 3577 banc
612 3532 673 3576 rem
695 3533 712 3576 a
734 3518 857 3578 civitate
879 3518 974 3578 luisse
997 3535 1189 3598 concessam,
1218 3520 1307 3580 immo
1327 3517 1371 3578 lo-

97 3638 192 3695 catum
214 3632 309 3693 fuisso
331 3634 514 3696 terminatum
536 3634 609 3711 puto
633 3649 754 3713 eamque
775 3635 930 3712 pecuniam
957 3635 1087 3696 rediisse
1113 3634 1144 3695 in
1170 3636 1332 3709 aerarium,
1357 3649 1372 3693 e

98 3767 155 3835 quo
179 3747 316 3828 publicae
344 3747 473 3811 familiae
496 3748 649 3810 commoda
670 3747 829 3827 dabantnr3
859 3750 895 3811 do
918 3768 975 3830 quo
998 3751 1096 3811 reditu
1123 3750 1261 3831 pluribus
1282 3751 1374 3828 agitur

97 3865 166 3930 nrt.
191 3868 260 3928 lm.
302 3863 385 3926 Nihil
406 3867 502 3926 autem
525 3864 582 3944 iis,
604 3865 654 3947 qui
676 3865 859 3925 terminatum
882 3865 1109 3945 conduxerant,
1133 3867 1231 3942 inagis
1254 3866 1375 3948 impedi-

98 3983 297 4060 nrentoprat,
320 3998 404 4060 quam
427 3983 544 4057 sentes,
567 3978 702 4056 arbores,
726 3983 802 4058 ctc.;
825 3982 1012 4061 quamobrem
1026 3977 1223 4046 curatoribus
1245 4003 1376 4067 aquarum

101 4097 197 4160 datum
220 4095 373 4173 negotium
396 4097 462 4174 est,
486 4098 518 4156 ut
539 4094 615 4156 illud
636 4096 876 4176 impedimentum
899 4097 1067 4162 tolleretur.
1109 4097 1285 4163 l'nontinnm
1307 4117 1377 4162 vero

99 4216 203 4280 nostro
227 4212 296 4276 loco
320 4210 436 4287 omnia,
465 4228 539 4292 quae
562 4211 660 4272 lenum
683 4229 787 4273 secare
810 4213 1029 4292 impediebant,
1053 4232 1247 4277 enumerasse
1269 4217 1378 4278 uerisi-

101 4329 171 4395 mile
195 4347 252 4392 non
271 4330 333 4403 est,
357 4327 493 4410 quonlam
516 4325 592 4389 iufra
616 4327 735 4390 uberius
759 4332 842 4393 eraut
863 4330 1058 4412 exponenda3
1086 4333 1251 4412 praecipua
1273 4335 1380 4398 tantum
