2888 4710
424 142 1018 280 nnnonnnnnermns.
1312 189 1362 267 ar

72 411 191 518 sunt*
216 443 363 517 quarum
394 418 536 496 altitudo
562 420 596 494 in
623 442 759 496 omnem
784 431 917 519 partem
942 420 1054 500 Urbis
1080 421 1263 500 attollitur:

38 566 45 635 j
74 537 149 612 sed
173 562 220 612 ex
244 536 299 610 bis
325 536 413 612 aliae
438 538 572 634 maiori,
612 537 701 610 aliae
730 538 854 611 leviori
885 561 1056 638 pressura
1081 549 1265 636 cogrmtur.

77 653 294 729 Altissimus
331 662 388 727 est
418 651 517 727 Anio
547 652 690 747 Novus,
741 655 900 750 proxima
926 652 1088 750 Claudia,
1127 656 1267 728 tertium

78 770 199 843 locum
222 777 318 842 tenet
342 767 450 865 Julia,
478 778 638 864 quartum
664 768 813 866 Tepula,
853 767 977 844 dehinc
1000 770 1147 866 Marcia,
1176 794 1267 867 quae

68 886 197 989 Ι(1111ιί11
227 885 331 981 etiam
356 882 528 961 Claudiae
560 883 684 959 libram
710 895 846 981 aequat.
880 885 959 964 sed
983 895 1126 961 veteres
1151 885 1267 962 bumi-

46 1085 51 1096 ,
80 1002 182 1077 11011ι
197 999 371 1079 directore
403 999 652 1098 perduxerunt,
692 999 772 1075 sive
797 1001 951 1076 nondum
975 1000 1020 1076 ad
1045 1001 1174 1076 subtile
1199 1026 1267 1075 ex-

80 1118 221 1216 plorata
253 1126 328 1190 arte
360 1115 517 1214 librandi,
556 1140 623 1193 seu
655 1116 736 1212 quia
762 1140 808 1191 ex
833 1118 1001 1192 industria
1026 1117 1115 1191 infra
1139 1127 1269 1192 terram

41 1333 46 1338 Π
82 1256 196 1330 aquas
230 1231 446 1331 mergebant,
487 1257 532 1307 ne
563 1231 666 1306 iacile
699 1232 743 1306 ab
774 1232 936 1309 hostibus
968 1235 1266 1331 interciperentur,

82 1374 166 1424 cum
198 1348 391 1446 frequentia
423 1347 537 1422 adhuc
580 1358 700 1422 contra
736 1347 882 1424 Italicos
919 1350 1013 1424 bella
1050 1359 1269 1447 gererentur.

81 1454 310 1561 Jam'tamep
334 1463 551 1563 quibusdam,
572 1463 674 1560 locis,
713 1465 825 1539 sicubi
859 1464 986 1539 ductus
1011 1475 1187 1539 vetustate
1213 1463 1270 1538 di·

83 1583 209 1682 lapsus
236 1590 301 1680 est,
337 1581 471 1658 omisso
497 1581 644 1654 circuitu
668 1580 897 1656 subterraneo
924 1581 1076 1678 vallium,
1110 1581 1271 1657 brevita-

83 1701 133 1772 tis
166 1721 287 1795 causa,
328 1696 648 1772 substructionibus
685 1697 1015 1794 arcuationibusque
1046 1697 1271 1770 traiieinntur.

84 1813 240 1893 Sextum
263 1822 361 1888 tenet
385 1812 494 1887 librae
519 1812 636 1886 locum
658 1810 757 1888 Anio
781 1813 912 1910 VetuS,
952 1813 1110 1886 similiter
1133 1812 1271 1887 sullec-

84 1941 186 2006 turus
213 1930 316 2004 etiam
347 1927 526 2002 altioribus
556 1929 646 2003 locis
672 1927 793 2027 Urbis,
834 1930 878 2026 si,
917 1929 977 2005 ubi
1007 1929 1149 2003 vallium
1182 1928 1271 2002 sub-

84 2046 345 2151 missorumque
378 2044 563 2152 regionum
596 2044 747 2119 conditio
781 2045 903 2144 exigit,
950 2044 1272 2125 substructionibus

130 2364 304 2440 directore)
341 2361 372 2425 V
390 2362 432 2425 F:
461 2362 618 2446 directam.
662 2359 756 2428 GU:
783 2360 957 2425 derectum.
995 2357 1074 2424 Scbt
1096 2359 1273 2422 directione.

85 2483 120 2527 v.
136 2457 269 2526 'lancti
313 2461 353 2525 m
374 2460 450 2526 GU
479 2460 530 2524 lric
551 2462 619 2526 der.
639 2460 764 2540 legunt,
805 2461 847 2523 ita
877 2458 948 2522 Art.
976 2462 1015 2521 31
1045 2458 1215 2536 ceresiaco,
1243 2461 1275 2520 et

88 2561 248 2643 lblrlemii
270 2561 389 2644 deri9i3
412 2563 481 2625 Art.
506 2566 563 2625 124
585 2560 611 2626 G
634 2561 760 2638 dcrccti,
803 2558 871 2621 Art.
895 2563 953 2622 126
975 2555 1001 2621 C
1024 2559 1170 2640 deripiant.
1208 2554 1273 2619 seu

46 2654 49 2658 ⁸
88 2649 161 2727 art.
182 2652 223 2724 21
244 2659 311 2724 libri
333 2680 436 2737 omnes
458 2660 578 2722 directi.
619 2661 668 2722 De
690 2678 748 2741 quo
770 2657 955 2720 librariorum
983 2675 1064 2718 more
1084 2656 1194 2737 passim
1214 2656 1274 2718 viri

88 2761 171 2825 occu
192 2760 285 2823 locuti
305 2764 384 2822 sunt.
428 2757 478 2824 Gi.
499 2759 636 2835 Herzog.
657 2758 694 2820 ad
717 2756 808 2821 Caes.
828 2757 864 2819 B.
887 2753 925 2819 C.
946 2755 971 2817 l.
992 2760 1044 2818 45.

131 2860 176 2924 aa
194 2857 321 2937 subtile)
342 2858 424 2922 Vl':
446 2858 592 2921 aaabtili.
614 2859 649 2920 J:
672 2856 760 2918 aliud
780 2856 902 2918 subtile.
923 2855 949 2917 B
971 2857 1003 2917 et
1018 2855 1136 2916 abrec:
1157 2854 1274 2933 subtili,

89 2980 149 3024 om.
171 2959 405 3040 praepositione.
448 2957 523 3021 Sclr.
546 2957 688 3034 corrigit:
710 2955 754 3017 ari
773 2954 928 3018 subtilius.
966 2974 1000 3016 v.
1020 2952 1148 3016 Anuoit.

68 3063 71 3067 ’
130 3055 323 3140 peterentur)
344 3058 449 3135 Lego:
468 3059 616 3139 onerent.
637 3057 781 3120 narba.

41 3150 49 3174 ⁹
132 3154 277 3238 callim)
298 3157 332 3222 Ja
353 3157 510 3220 valiae.B
532 3159 563 3218 et
582 3155 621 3217 al.
642 3172 711 3237 rec:
732 3156 830 3219 vallia
851 3159 978 3217 tractae
1011 3149 1120 3213 Paullo
1141 3153 1209 3214 ante
1230 3148 1274 3217 Ut

91 3261 248 3320 ammisso.
285 3256 328 3321 Vt
352 3255 493 3318 obmisso.
517 3253 566 3318 Gi.
587 3255 714 3319 Annuit·

133 3356 346 3436 traiiciactar)
389 3356 413 3417 F
441 3354 483 3420 0:
511 3359 696 3418 traiiciatur.
739 3354 783 3419 V:
812 3357 990 3416 traiicimur.
1033 3351 1067 3414 lu
1089 3349 1115 3415 G
1136 3349 1275 3412 scribitur

38 3453 41 3463 '
92 3460 285 3519 traiciuntur.
302 3458 334 3518 ut
353 3453 422 3517 Art
443 3459 501 3518 33:
522 3455 669 3517 adiciant.
705 3452 775 3516 Ari.
800 3458 872 3517 105:
894 3453 1075 3516 subiciendi.
1104 3451 1181 3513 Art..
1201 3452 1275 3511 loti:

91 3554 243 3618 subicere.
267 3554 355 3634 ¹Art.
379 3540 453 3615 1122Ι
490 3553 692 3617 adiciendum.
715 3557 773 3615 etc.
795 3555 859 3615 lere
882 3552 989 3636 ubique
1010 3548 1209 3630 adstipulante
1229 3545 1275 3611 u:

93 3655 134 3716 ilc
159 3672 219 3735 quo
248 3651 429 3714 librariorum
456 3670 538 3714 more
570 3653 641 3737 quid
668 3653 709 3717 sit
734 3653 937 3733 statuendum,
965 3652 1081 3714 centies
1105 3651 1165 3715 viri
1192 3649 1274 3714 acen

94 3756 281 3815 monuerunt.
309 3751 359 3817 Gi.
381 3751 507 3814 Annott.

138 3856 231 3914 etiam
251 3853 378 3932 altior.)
399 3851 430 3914 V
452 3854 483 3914 et
503 3851 582 3924 cdlx
609 3861 640 3914 et
660 3851 716 3913 alt.

138 3954 178 4028 si,
201 3950 270 4033 abi)
293 3951 374 4013 Libri
395 3969 497 4012 omnes
520 3949 629 4012 sicubi.
650 3950 723 4013 Pol:
744 3954 784 4031 ai,
806 3949 867 4012 abi.
881 3948 960 4013 Sclr:
981 3952 1020 4029 oi,
1036 3949 1147 4013 sicubi.
1169 3947 1275 4010 Heiur.

100 4050 203 4114 sicubi
224 4053 337 4112 temere
358 4068 429 4112 esse
449 4050 608 4130 repetitum
629 4067 670 4110 ex
690 4048 895 4128 superioribus
915 4052 1047 4112 annoni.

139 4150 192 4213 cel
213 4152 333 4212 eriamio
353 4144 447 4229 erip.)
490 4146 533 4212 C:
556 4148 784 4211 arcuatioaibaa
802 4151 915 4211 ceteris
934 4153 1113 4231 eriperetur.
1143 4146 1187 4209 U:
1209 4165 1277 4207 arc.

98 4255 215 4313 veteris
235 4253 397 4329 eriperetur.
433 4248 464 4311 V
485 4251 517 4311 et
538 4247 613 4310 edd:
633 4266 700 4309 arc.
721 4258 839 4310 ueteres
858 4250 1023 4329 eriperetur.
1046 4245 1162 4328 Opsop.
1183 4263 1279 4306 auno-
1390 4255 1391 4258 ’

101 4352 163 4414 tat:
186 4348 346 4427 „blandum
369 4350 417 4411 cst
436 4347 467 4410 ia
486 4357 604 4411 veteres
623 4351 788 4431 exiperetur.
811 4347 845 4410 ln
866 4346 986 4412 Pithoei
1006 4346 1075 4408 eorl.
1102 4343 1174 4407 illud
1193 4347 1279 4408 asie-
