2888 4710
73 199 148 277 198
493 193 934 276 ANNO'PA'I'IONES.

77 437 196 516 dlgioeit
215 437 245 497 in
267 434 321 496 der
341 432 422 494 Thai
442 430 526 494 mehr
546 429 591 492 ais
613 430 661 493 dio
682 429 774 492 durch
789 429 939 508 Messung
959 430 1153 510 gerundense
1173 434 1254 493 4138
1267 431 1329 495 Fir-

75 554 123 616 ier
149 551 270 628 neuug.
312 549 373 612 Die
401 546 602 628 Consequere
630 546 689 608 und
716 545 853 607 issarheit
885 548 916 608 in
944 546 1044 609 dieser
1071 546 1268 626 Darstciinng
1290 540 1348 609 des*

75 668 255 732 Veriussers
276 662 392 726 erlarii
413 662 504 724 daher
524 660 621 740 nicht,
643 659 703 723 ihm
725 661 774 722 die
795 681 857 723 von
876 661 931 722 mir
951 662 1333 739 eingeklammertenWorte

75 784 156 850 unde
177 802 243 845 oum
264 781 401 862 alioquin
420 778 469 839 his
488 778 542 844 111
551 777 674 840 millium
689 776 856 843 ecexm
872 760 1126 859 a'uauscmeihen,
1148 779 1276 841 sordem
1294 797 1335 842 er·

74 901 173 965 kenne
193 895 243 960 ich
265 896 348 961 dorin
370 895 420 957 die
440 892 528 958 Hand
548 894 602 956 des
620 892 868 976 Interpolators.“

689 1096 737 1156 id.
860 1123 863 1128 ·

158 1252 375 1322 annototnroe)
405 1246 427 1308 i.
451 1262 481 1305 e.
508 1247 688 1323 miraturos,
716 1243 879 1308 aniialiend
906 1245 1016 1308 finden.
1057 1245 1137 1308 Plin.
1166 1246 1208 1308 H.
1234 1245 1274 1309 N.
1293 1246 1342 1311 111.

69 1384 107 1447 Rp.
123 1368 202 1426 226:
229 1363 321 1426 Haec
346 1363 441 1424 litora
466 1391 508 1404 -
534 1367 728 1423 annotantur.
772 1360 896 1447 Quintil.
918 1366 954 1442 8,
979 1366 1070 1443 1,.2:
1097 1369 1245 1426 annotata
1265 1367 1344 1427 onina

75 1480 242 1564 affectione
265 1477 362 1543 verti.
402 1475 541 1539 HEINR.
584 1477 660 1540 Rem
687 1485 834 1540 annotare
861 1478 1032 1557 signifieat,
1059 1497 1139 1556 rem,
1169 1480 1253 1541 cuius
1281 1499 1345 1541 vera

79 1614 169 1659 causa
193 1615 249 1658 nos
275 1595 385 1674 lateat,
414 1611 468 1654 sen
489 1611 566 1676 qnae
586 1592 658 1654 mira
679 1595 767 1656 nohis
787 1594 943 1673 videatur,
972 1596 1152 1674 cogitationi
1171 1599 1205 1657 et
1224 1596 1346 1656 investi-

74 1710 382 1791 gationisulriicere,
409 1707 461 1770 vei
484 1710 567 1790 quasi
588 1708 660 1770 noti
680 1708 800 1790 appictt
820 1710 1048 1788 investigationi
1069 1710 1284 1773 subiiciendam
1302 1730 1348 1773 re-

75 1844 208 1889 servare.
251 1826 320 1888 Art.
347 1829 422 1887 104:
455 1823 491 1885 in
517 1825 576 1886 doc
601 1823 637 1886 S.
666 1825 700 1889 C.
729 1825 912 1888 crediderim
939 1826 1157 1902 annotandum,
1186 1827 1271 1910 quod
1296 1829 1348 1891 en.

77 1941 126 2007 Cf.
149 1941 218 2007 Art.
237 1944 313 2002 106:
337 1939 458 2018 dianam
477 1945 674 2001 annotatione
694 1947 750 2002 eet.
772 1943 824 2002 ubi
844 1941 912 2002 libri
933 1942 1067 2022 plurimi:
1088 1942 1302 2005 admiratione.

158 2062 190 2118 in
211 2061 338 2131 tanturn)
360 2053 481 2117 Ruhnir.
503 2055 540 2115 ad
562 2054 675 2120 Vellei.
697 2075 730 2135 p.
748 2059 799 2120 33.
830 2056 943 2119 Vellei.
965 2060 1347 2137 p.115:intantum,ut.

78 2176 110 2235 et
129 2174 262 2252 saepius.
306 2171 359 2234 Sic
380 2175 411 2232 in
430 2171 552 2232 muttum
573 2169 733 2232 Forcellin.
755 2173 786 2233 in
806 2191 838 2232 v.
859 2173 942 2234 rond.
983 2173 1122 2236 liniNR.

161 2287 230 2350 dum
252 2287 397 2368 beneficia
418 2290 494 2375 etc.)
520 2285 642 2348 idest:
666 2286 733 2347 dum
754 2286 911 2367 Prinpres
930 2291 1086 2369 putantes,
1108 2307 1143 2350 se
1163 2307 1260 2368 posse
1283 2268 1349 2353 con-

78 2403 188 2470 cedere
216 2404 365 2486 quinarias
394 2406 522 2481 14,018,
552 2420 628 2484 quae
654 2402 836 2481 apparebant
861 2406 892 2465 in
913 2405 1088 2481 erogatione
1116 2408 1170 2477 (v.
1192 2405 1263 2468 Arc
1280 2410 1349 2482 or),

78 2522 311 2602 nescientesque
338 2537 440 2580 veram
469 2519 585 2597 copiam
612 2535 705 2598 aquae
736 2519 862 2583 omnium
891 2521 1121 2600 aquaeductuum
1151 2524 1292 2582 constare
1317 2540 1352 2582 ex

79 2635 221 2717 quinariis
243 2622 361 2711 24,ΜὸΙ
386 2639 441 2706 (v.
463 2637 525 2698 not.
548 2637 577 2696 o.
598 2631 653 2697 111.
673 2633 711 2692 ad
732 2633 800 2695 Art.
818 2638 895 2714 64),
930 2636 1191 2717 concedentesque
1212 2636 1353 2699 beneficia

80 2770 136 2814 sua
161 2753 324 2813 secundum
352 2751 542 2829 apparentem
568 2748 647 2815 iliam
669 2750 891 2829 erogationem,
919 2751 1092 2812 amittebant
1113 2752 1235 2814 circiter
1257 2752 1353 2815 decem

80 2865 171 2929 millia
192 2866 399 2948 quinarinrum.
441 2863 533 2927 Pon.

162 2982 351 3064 temperant)
384 2980 406 3040 i.
430 2982 579 3059 tribuunt,
602 2983 770 3061 assignant,
794 2983 980 3060 dispensant.
1021 2982 1160 3046 lininio.

697 3182 747 3243 io.

163 3333 316 3418 Sequens)
345 3336 365 3397 i.
384 3354 411 3396 e.
432 3334 501 3398 alia.
542 3330 682 3394 Hulnn.

163 3450 280 3528 formae
300 3447 448 3533 rivorum)
471 3450 519 3512 De
540 3449 649 3528 formis
668 3450 799 3509 rivorum
814 3446 944 3509 Poienus
959 3449 1035 3511 haec
1052 3450 1189 3514 disserit:
1214 3451 1362 3530 „Formae

85 3564 256 3642 significant
277 3564 337 3626 hoc
357 3567 427 3628 loeo
449 3564 580 3639 fistulas,
602 3563 710 3642 tubos,
733 3580 786 3624 seu
808 3581 936 3643 specus,
965 3584 1020 3644 per
1041 3585 1117 3646 quos
1138 3584 1215 3647 aqua
1236 3567 1362 3630 ducitur.

84 3678 131 3742 Ito
153 3679 302 3743 Sidonius
323 3682 379 3760 Ep.
401 3681 425 3742 l.
446 3686 484 3744 5:
511 3680 617 3742 Potuit
637 3688 668 3742 et
686 3677 785 3741 Roma
807 3685 1005 3762 conspectui:
1031 3685 1117 3744 cuine
1137 3682 1209 3743 midi
1228 3702 1292 3744 noa
1310 3699 1363 3744 eo-

86 3797 146 3857 lam
171 3794 304 3875 formas,
335 3801 552 3858 verumetiam
588 3794 786 3857 naumachias
812 3796 941 3859 videbar
966 3806 1154 3878 epotaturus.
1196 3777 1248 3861 Ad
1279 3815 1364 3881 quem

87 3910 208 3974 Sidonii
229 3909 326 3972 iocum
347 3911 411 3974 inc.
429 3910 604 3973 Sirmondus
625 3913 752 3990 exponit
773 3929 909 3991 oausam,
932 3930 984 3973 cur
1004 3915 1135 3974 rivorum
1157 3912 1279 3975 canales
1300 3914 1365 3973 ior-

87 4043 152 4088 mae
173 4028 387 4103 nuncupentur.
424 4026 539 4090 Nomen
563 4025 701 4111 (scribit)
724 4028 807 4107 inde,
829 4032 863 4090 ut
884 4032 1022 4108 apparet,
1044 4031 1124 4111 quod
1145 4027 1278 4092 subditis
1299 4029 1365 4091 ior-

88 4141 143 4203 mis
165 4140 395 4203 instruebantur.
428 4143 494 4230 Qua
514 4145 630 4205 ratione
651 4145 793 4206 iormnoei
815 4163 933 4226 quoque
952 4144 1092 4206 Afrorum
1107 4145 1366 4227 Hispanorumque

90 4275 132 4323 cx
153 4261 232 4317 terra
251 4257 383 4334 parietes
406 4258 493 4336 dicii,
516 4261 650 4339 quonium
673 4262 704 4321 in
725 4262 820 4321 forma
840 4261 1029 4323 circumdatis
1051 4261 1164 4323 duabus
1187 4259 1300 4323 tabulis
1318 4262 1367 4321 in-

86 4371 266 4434 ferciuntur.
288 4375 320 4434 ut
343 4372 431 4435 docet
452 4373 564 4436 Plinius
585 4375 718 4472 XXXV.
741 4376 812 4437 lit<
832 4406 873 4420 »-
910 4376 1024 4439 Eodem
1045 4378 1133 4439 modo
1156 4378 1368 4456 interpretatur
