2888 4710
80 191 154 269 me
500 134 943 275 ⁴nruruonrrrrenns.

83 430 233 493 caducam
259 446 416 489 cucumer.
460 400 546 488 viae
573 445 628 506 pra
655 429 759 493 nostre
781 424 850 487 leco
875 423 1126 495 eiiciendaessc
1149 423 1273 489 ridetur
1292 443 1355 487 sen-

83 545 176 606 tentia
197 541 391 604 huiusmodi:
414 541 538 605 caduce
557 561 640 626 apua
662 540 857 614 educerentur,
878 539 912 601 td
932 549 993 616 εει,
1015 559 1152 623 perra-oa
1167 560 1206 601 ca
1230 540 1353 624 (Appia)

79 668 189 722 manat.
232 658 360 719 Caduca
389 659 418 718 in
447 658 617 718 universum
647 658 757 718 dicitur
784 674 877 737 arpen,
907 672 982 737 (puae
1010 655 1111 738 alique
1142 657 1235 718 nunde
1262 659 1354 731 etium,

80 773 129 834 vel
157 773 376 834 manationibns
404 771 582 851 tistularum,
611 771 662 833 vei
689 771 827 833 tectoriis
849 766 1016 848 corruptis',
1045 770 1097 832 vel
1119 770 1249 833 lacubus
1269 774 1355 833 abun-

81 889 238 965 dantibus3
272 895 376 949 nostre
399 887 468 949 ioco
491 887 652 949 fistularum
674 886 902 947 nrauatiunibus.
946 886 1095 967 Scriptum
1119 888 1260 966 primitus
1280 895 1354 950 crat:

80 1009 99 1066 i.
123 1024 201 1087 prede
222 1025 262 1065 ea·
282 1024 320 1065 ee
340 1012 465 1067 munet:
498 1002 576 1082 qued
599 1021 686 1085 quum
709 1001 882 1079 capiendum
903 1006 990 1073 ,esset
1004 1001 1055 1071 ¹‚id
1076 1012 1123 1063 εει
1145 1023 1243 1086 quae,
1271 1004 1354 1065 libra-

80 1122 142 1181 rius
171 1120 297 1180 litteram
329 1122 351 1180 i.
381 1120 463 1197 cepit
491 1136 545 1197 pre
573 1118 621 1193 id,
648 1119 697 1178 cui
725 1116 774 1177 vei
805 1117 901 1176 invite
930 1119 1094 1178 succedere
1117 1119 1216 1181 altera
1237 1121 1354 1181 debebat

79 1237 200 1297 mutatio
223 1233 315 1318 qued.
360 1234 448 1295 Adde
470 1234 549 1315 qued
571 1234 679 1294 nimius
700 1236 749 1294 est
770 1233 929 1293 Frontinus
951 1234 982 1293 in
1006 1232 1043 1292 id.
1057 1251 1158 1310 genus
1179 1235 1352 1312 interpreta-

79 1351 212 1412 tionibus
234 1368 288 1429 per
310 1350 344 1411 id
363 1358 412 1410 εει
431 1349 618 1410 introductis.
662 1345 789 1426 Operam
812 1348 970 1426 perdidere
993 1348 1050 1408 viri
1074 1350 1179 1410 docti:
1213 1352 1266 1411 sed
1289 1369 1353 1411 sen-

79 1469 173 1530 tentia
201 1466 307 1527 saltem
335 1465 474 1526 restituta
502 1462 570 1544 quin
598 1480 670 1522 vera
696 1463 752 1539 sit,
781 1463 843 1523 neii
868 1464 1021 1541 dubitarc3
1050 1465 1140 1524 mede
1161 1483 1218 1544 pre
1241 1466 1351 1527 caduca

77 1583 137 1643 alia
157 1600 220 1643 vex
244 1584 380 1656 eruatur,
413 1581 450 1640 ed
466 1556 597 1639 cedices
618 1579 743 1657 propius
765 1581 926 1639 accedens.
969 1578 1072 1660 Atque
1094 1597 1131 1639 ea
1151 1600 1272 1663 queque
1293 1581 1351 1641 mibi

79 1697 178 1758 oblata
200 1700 264 1774 cst,
287 1694 402 1773 legenti
430 1693 496 1761 nrt,
512 1696 552 1754 88
574 1693 688 1753 verba:
718 1713 818 1775 aqueae
837 1705 1010 1776 pereuntes.
1040 1695 1125 1755 unde.
1141 1694 1287 1759 Frontina
1308 1714 1350 1757 rc-

79 1811 259 1873 stitucndurn
283 1812 388 1871 censui
407 1809 534 1890 perdita
554 1828 653 1891 eque,
680 1808 738 1890 quui
760 1809 835 1870 idern
858 1809 1044 1885 significatur
1064 1813 1154 1891 atquc
1177 1815 1268 1895 aquic
1285 1830 1350 1894 pcr-

77 1926 232 2004 enntibes,
256 1927 327 1987 item
347 1922 424 2006 aqui
445 1923 569 1987 caduci.

693 2127 744 2185 66.

159 2277 190 2336 in
212 2292 287 2334 cern.
310 2271 373 2355 cst)
403 2273 476 2335 Scb.
499 2272 599 2352 legit:
627 2277 659 2336 in
687 2291 764 2335 cam.
790 2278 922 2354 pesitum
949 2281 1014 2351 cst,
1043 2277 1075 2335 et
1097 2278 1231 2356 peritum
1252 2277 1348 2339 abesse

77 2408 137 2451 nnn
158 2407 251 2470 pesse
274 2389 411 2450 affirmat.
456 2387 548 2453 Certe
569 2387 640 2450 Art.
658 2392 714 2451 et:
737 2409 824 2472 quarn
841 2395 873 2451 in
889 2393 1046 2471 conceptis
1062 2409 1138 2454 cene
1152 2395 1288 2472 pesitum
1302 2399 1347 2455 cd.

78 2503 142 2567 Sed
160 2505 288 2568 ibidem:
311 2504 444 2586 amplias
465 2523 554 2586 paam
574 2509 606 2567 in
629 2523 706 2567 cnm.
727 2515 784 2568 εει.
826 2506 895 2567 Art.
909 2508 965 2575 ,ἴθι
987 2506 1119 2587 amplius
1135 2525 1224 2590 paam
1239 2511 1271 2569 in
1286 2526 1348 2569 cm-

78 2624 178 2704 εεριίε
202 2641 277 2683 cnm.
300 2628 356 2683 εει.
399 2619 468 2681 Art.
485 2623 543 2681 68:
571 2620 704 2702 amplius
725 2640 812 2703 paam
834 2625 865 2682 in
887 2625 1126 2700 commentariis,
1147 2640 1209 2686 nm.
1230 2633 1279 2687 εει
1286 2642 1301 2700 ,·
1324 2626 1348 2683 ct

77 2737 124 2798 sic
145 2738 233 2799 ctiam
255 2737 527 2799 decennem.

693 2941 743 2998 m.

159 3104 228 3148 cnm
252 3104 306 3163 ec,
335 3089 386 3168 pei
407 3089 494 3147 circa
512 3088 656 3167 piscinas
676 3084 798 3148 ductum
819 3084 926 3147 cedem
947 3086 1051 3149 cased
1072 3090 1104 3148 in
1125 3105 1221 3153 crees
1240 3089 1348 3168 excipi-

77 3211 126 3265 tur
145 3201 192 3264 Ita
212 3201 231 3262 J
253 3198 299 3279 11,
321 3201 380 3262 nisi
402 3200 482 3281 quod
503 3198 553 3262 bic
575 3219 630 3280 pre
653 3204 705 3284 pei
724 3200 815 3263 babet
836 3202 925 3284 qaid„
962 3198 1062 3282 Oprn
1086 3222 1211 3265 cum-en
1233 3207 1284 3286 pm·
1302 3201 1348 3265 ba·

76 3319 201 3401 bctpee
216 3319 248 3378 in
263 3333 300 3378 cu
317 3315 409 3399 pund.
437 3314 569 3379 Secutus
583 3336 648 3377 sum
661 3317 691 3385 J,
718 3316 894 3394 lnteiligas:
916 3316 1091 3396 liscardi,
1113 3337 1270 3401 perquem
1286 3333 1350 3399 aqua

76 3432 296 3513 perducebatur
322 3432 360 3495 ad
387 3430 549 3511 piscinam,
577 3435 691 3511 partem
712 3450 805 3513 aquae
826 3431 984 3499 influxisse
1006 3434 1169 3513 piscinam,
1199 3438 1231 3497 et
1255 3433 1350 3496 deinde

77 3567 119 3610 cx
140 3548 208 3627 ipsa
228 3547 344 3626 piscina
364 3548 394 3608 in
416 3563 503 3607 arens
533 3543 588 3628 (id
609 3550 658 3609 εει
678 3548 710 3609 in
730 3547 849 3611 ductum
871 3547 999 3609 arcubus
1019 3552 1235 3621 sustentatum)
1268 3552 1351 3611 inisse

53 3662 293 3740 'introductam
322 3665 436 3742 partem
462 3677 537 3725 vern
565 3662 708 3745 reliquam
735 3681 795 3725 nen
816 3681 871 3743 per
891 3663 1054 3742 piscinam,
1084 3665 1140 3727 sed
1159 3686 1219 3747 per
1239 3665 1353 3729 endan

76 3780 250 3860 perductum
278 3778 415 3840 canalem
442 3779 531 3839 circa
554 3781 699 3860 piscinae
724 3778 860 3841 ductam
879 3778 933 3861 [id
960 3783 1009 3841 est
1035 3780 1116 3842 eirca
1141 3780 1281 3858 ductum,
1306 3795 1354 3857 per

77 3913 162 3977 quern
186 3893 350 3957 ducebatur
370 3911 446 3975 aqua
467 3893 594 3956 effluens
611 3913 629 3955 a
644 3894 777 3974 piscina}
801 3894 898 3957 inisse
916 3899 1074 3975 exceptam
1092 3897 1121 3957 in
1137 3913 1238 3959 arcus.
1272 3891 1355 3957 Pon.

76 4011 125 4073 bix
145 4008 254 4071 Peieni
275 4008 522 4088 interpretatione
544 4009 732 4070 scribendum
755 4010 833 4072 init:
856 4013 943 4073 circa
961 4014 1113 4092 piscinam
1135 4011 1256 4073 eadee
1293 4009 1357 4092 *bn-

77 4145 130 4188 cus
159 4123 353 4187 difficillimus
382 4128 446 4204 est,
476 4124 513 4185 de
542 4124 625 4186 cuius
651 4126 828 4201 integritate
858 4128 964 4187 merite
995 4126 1068 4191 Sub.
1095 4127 1124 4188 in
1147 4125 1358 4188 dubitationem

75 4242 178 4318 venit,
203 4239 298 4301 verba
317 4238 422 4302 eodem
444 4239 549 4301 canali
569 4257 628 4300 non
649 4239 784 4303 Frentiui
806 4259 876 4303 csse
898 4243 1046 4305 iudicans.
1090 4241 1206 4304 Scribit
1225 4240 1256 4301 in
1277 4254 1358 4321 seqq.

75 4357 258 4423 irentinus:
291 4365 345 4419 ant
366 4374 445 4438 qnae
465 4358 497 4417 in
516 4373 610 4417 creua
630 4359 779 4438 recipitur
784 4376 800 4434 ‚⁸
829 4376 917 4440 qnam
937 4360 1120 4440 ex‘picciac
1142 4359 1172 4416 in
1194 4376 1290 4421 ureae
1309 4376 1361 4417 re-
