2888 4710
421 206 493 282 DE}
526 206 716 301 Auuau
747 205 1029 287 DUC'I‘IBUS.

78 442 305 519 Maximus
331 439 460 518 coss.
487 443 533 515 V.
559 444 620 537 R,
650 466 873 541 aquarum,
903 448 1079 540 quaein
1107 438 1266 520 Ulmum

80 565 304 653 venirent,
333 557 496 631 itinera
524 564 733 655 occupari
758 563 1046 630 monumentis
1073 570 1116 631 et
1140 561 1264 634 aedi·-

73 674 211 749 'sieiis
245 684 286 747 et
316 675 552 748 arboribus
584 679 781 770 conseri,
812 671 1264 764 0.F.P.D.E.R.J.C.

83 879 346 894 m

122 988 178 1051 Ad
196 989 255 1069 ref.
276 993 362 1052 riuum
383 993 458 1065 etc.)
491 989 557 1053 Pol.
579 989 736 1067 vulgavit:
768 988 822 1050 Ad
842 990 901 1068 ref.
922 993 979 1052 riu.
1002 1009 1185 1075 specusque,
1206 1013 1265 1073 per

79 1074 161 1169 pune
188 1097 219 1148 et
243 1108 341 1170 uperu
366 1090 493 1172 publicu
519 1098 757 1171 corrumpuntur.
785 1095 943 1152 annotans:
976 1089 1067 1165 eum,
1090 1093 1264 1173 interruptis

79 1186 241 1264 ductibus,
264 1189 422 1250 cessabant
443 1208 536 1271 aquae
559 1189 793 1269 defieiebantque
814 1187 943 1266 publicis
966 1190 1124 1268 operibus,
1145 1192 1264 1271 publiea

80 1302 176 1363 opera
196 1288 475 1368 corrumpebantur,
503 1288 634 1350 nimirum
658 1285 771 1348 inutilia
792 1286 990 1348 rerrranebaot.
1032 1286 1067 1348 dn
1089 1307 1162 1366 gen.
1185 1310 1262 1352 neu-

80 1385 127 1443 tro
151 1403 229 1465 qaue
251 1388 352 1458 (rivos
374 1394 557 1468 specusque)
581 1406 639 1449 nun
663 1386 792 1447 odiendo.
813 1385 974 1464 nmmpt.
995 1385 1060 1447 Lat.
1073 1388 1125 1450 Gr.
1141 1387 1176 1470 S
1188 1394 1260 1452 311.

79 1478 142 1542 Sed
171 1486 318 1545 sententia
343 1504 401 1547 nun
423 1485 533 1565 placet.
575 1486 677 1547 Heinr.
699 1487 840 1549 annotat:
879 1525 899 1560 2,
908 1482 972 1559 leg.
995 1501 1264 1570 corrumperentur.

81 1585 112 1642 et
133 1579 211 1643 haee
232 1585 314 1662 prius
334 1604 415 1663 pono
437 1591 508 1666 post
529 1589 660 1647 conseri.
698 1584 748 1648 Gi.
765 1583 934 1645 oramen
956 1586 985 1644 in
1002 1583 1132 1647 lectione
1149 1589 1263 1671 reliqua

81 1676 147 1743 1³01.
169 1687 302 1746 secutus.
345 1684 378 1751 ln
408 1684 491 1746 libris
521 1685 643 1764 scriptis
665 1684 879 1762 impressisque
901 1685 1045 1762 periodus
1067 1685 1111 1745 sio
1133 1690 1262 1750 exordi-

82 1780 145 1846 tur}
170 1780 244 1841 Cum
265 1782 308 1842 ud
329 1784 410 1863 ref.,·
436 1788 594 1865 praeterea
613 1784 643 1845 io
664 1783 757 1846 tribus
781 1781 870 1842 codd.
894 1786 925 1843 et
945 1782 968 1843 F
990 1788 1039 1844 est
1060 1804 1262 1868 corrumpun-

78 1885 136 1939 tur.
181 1877 266 1942 Unde
289 1880 367 1944 Seu:
400 1883 471 1944 Cum
499 1883 543 1944 ud
568 1884 628 1964 ref.
657 1903 683 1946 r.
710 1899 880 1964 specusque
901 1887 1071 1964 pertinent,
1100 1906 1196 1968 neque
1223 1905 1262 1947 eu

77 1995 176 2059 opera
203 1999 302 2062 uquue
322 1981 467 2063 publicae
488 1993 728 2063 corrumpuntur.
770 1983 839 2058 Ego
864 1998 935 2041 vero
958 1981 1045 2043 aliter
1065 1981 1162 2043 locum
1185 2001 1261 2045 eou-

75 2078 261 2140 stituendum
284 2099 354 2143 osse
378 2082 460 2143 duxi.
489 2082 663 2159 Sententia,
685 2101 770 2163 quam
791 2080 926 2157 restitui,
949 2080 1031 2141 nullo
1054 2082 1169 2142 nomine
1191 2086 1261 2144 ten-

75 2177 181 2237 tanda.
223 2178 332 2240 Faotae
353 2183 533 2243 mutationes
555 2182 653 2242 leves.
694 2181 767 2242 Cum
786 2180 897 2259 primus
918 2180 947 2241 in
969 2181 1100 2257 margine
1123 2179 1191 2241 libri
1214 2182 1260 2243 sui

73 2274 194 2336 dederit
215 2275 377 2356 Pithoeus,
399 2281 477 2361 quod
499 2280 567 2341 Pol.
590 2298 632 2341 ex
653 2279 802 2358 duplicata
823 2278 960 2356 praeced.
978 2282 1049 2338 uum
1065 2279 1098 2340 O.
1116 2279 1258 2356 originem

72 2375 211 2435 traxisse
240 2379 402 2441 existimat.
444 2379 573 2441 Mutatio
602 2377 814 2439 uocabulorum
841 2396 899 2457 per
926 2396 1003 2458 puae
1030 2379 1059 2436 in
1087 2398 1166 2460 pune
1191 2398 1259 2461 per,

73 2474 255 2552 uunrpcndia
274 2476 464 2556 respicienti,
497 2481 553 2538 vix
573 2477 671 2539 videri
692 2479 795 2555 potest
816 2475 949 2535 mutatio.
992 2476 1037 2536 Bt
1058 2480 1088 2537 et
1109 2498 1147 2538 eu
1168 2497 1259 2558 saepe

72 2574 239 2651 pemrutari
267 2575 431 2637 audivimus
458 2577 494 2638 ad
522 2575 591 2638 Art.
609 2580 659 2636 94.
703 2574 858 2635 Postremo
889 2577 935 2634 rei
960 2573 1130 2653 absorptum
1153 2580 1202 2637 est
1221 2578 1259 2638 ab

74 2671 182 2734 ultima
201 2672 319 2751 syllana
339 2695 378 2736 ru
397 2677 538 2755 praeced.
553 2675 712 2736 ‘vocabuli
744 2673 805 2736 Rei
823 2672 907 2753 publ.
930 2676 1025 2735 autem
1045 2675 1167 2753 punitur
1187 2692 1258 2736 casu

74 2772 181 2833 tertio.

118 2876 227 2954 quiem
247 2871 358 2946 denua)
386 2872 413 2934 U
435 2874 465 2937 V
484 2875 508 2935 F
515 2890 525 2934 ι
554 2875 588 2937 Ο.
612 2876 730 2957 quinus.
758 2888 775 2931 e
797 2889 855 2952 quo
877 2871 907 2931 dn
927 2869 947 2930 J
968 2875 999 2932 et
1020 2888 1081 2932 ree.
1104 2890 1258 2952 perperam

75 2972 188 3032 iactum
205 2983 347 3034 centenus
364 2977 481 3054 quinos.
517 2973 615 3037 Recte
631 2970 775 3034 Pithoeus
793 2979 948 3044 cerateuuu,
970 2971 1051 3051 quod
1068 2972 1155 3032 etiam
1172 2972 1260 3033 Bris-

75 3086 145 3131 suu.
180 3072 316 3148 retinuit,
349 3074 475 3135 delevit.
517 3073 591 3135 Nam
622 3070 782 3151 perspicua
814 3071 863 3130 est
894 3069 1011 3131 codicis
1038 3067 1064 3132 0
1091 3070 1259 3149 scriptura:

72 3179 179 3250 purte.
213 3161 239 3232 e‘
262 3175 374 3247 uinus‚·
416 3170 491 3234 mala
522 3174 624 3247 sorte,
667 3182 744 3250 pro:
785 3180 887 3250 purte.
905 3159 1036 3251 'quinus
1069 3187 1099 3229 v.
1128 3169 1258 3230 Annutt.

74 3268 238 3329 Praeterea
258 3269 327 3331 Pol.
350 3274 491 3332 annotare
513 3271 628 3345 omisit,
652 3271 682 3329 in
706 3268 731 3331 C
753 3268 863 3330 deesse
884 3285 1013 3329 uacuus.
1042 3267 1120 3348 quod
1141 3267 1256 3348 quidem

74 3368 186 3427 abesse
207 3371 327 3447 potest,
351 3387 415 3431 eum
438 3371 503 3431 eius
525 3370 608 3431 notio
632 3370 689 3429 iam
710 3367 857 3430 inhabitet
878 3368 972 3429 verbo
992 3375 1110 3449 putere.

118 3471 205 3530 circu
226 3472 328 3539 rivus)
355 3469 385 3530 V
405 3470 445 3530 F:
469 3487 516 3533 ee.
537 3472 632 3530 riuos.

117 3571 200 3628 intre
227 3575 306 3633 eunt.
332 3568 447 3647 uedif.)
478 3568 509 3628 ln
540 3567 629 3628 eodd.
659 3572 690 3628 et
717 3568 788 3629 edd.
811 3567 898 3627 deest
924 3569 1015 3626 iutra.
1056 3561 1197 3625 Nimirum
1221 3566 1259 3626 uh

74 3665 296 3726 similitudinem
320 3668 559 3745 compendiorum
576 3660 628 3726 it?
651 3663 687 3745 (i.
700 3684 729 3725 e.
746 3662 839 3744 intra)
862 3668 892 3727 et
909 3660 942 3724 ’ἐι
962 3660 1155 3743 (iacent)
1179 3663 1258 3726 alte-

75 3784 138 3825 rum
160 3785 178 3825 a
200 3764 328 3826 librariis
350 3767 490 3826 omissum
513 3769 571 3827 est.
603 3764 764 3825 Praeterea
785 3765 814 3824 in
838 3762 863 3825 C
884 3780 939 3842 pru
961 3771 1089 3844 utruque
1109 3783 1150 3824 eu
1167 3773 1260 3844 purte

75 3867 215 3944 pergitur
243 3869 399 3947 introque:
430 3865 556 3926 forsitan
585 3868 617 3925 ut
643 3863 674 3924 iu
699 3861 756 3923 hae
778 3862 908 3924 lectione
930 3861 1050 3939 perdita
1069 3862 1255 3939 praepositio

75 3968 104 4027 in
128 3963 225 4026 lucem
248 3969 391 4041 emergat.
424 3985 456 4024 v.
473 3963 600 4028 Amori.

115 4063 311 4146 monument.)
334 4066 382 4126 V:
403 4067 519 4126 munim.

116 4171 147 4228 in
168 4166 233 4236 die)
264 4163 309 4227 C:
331 4168 362 4224 in
382 4168 424 4241 is,
446 4164 468 4223 i.
487 4181 513 4222 e.
536 4164 589 4237 iis,
612 4164 645 4223 ut
665 4158 779 4237 legitur
799 4159 830 4219 in
850 4159 876 4221 B
899 4157 967 4220 edd.
989 4174 1052 4219 ree.

78 4256 81 4261 ’
116 4265 346 4334 exciderentur)
377 4260 433 4324 Ed.
459 4280 505 4339 pr.
534 4262 565 4321 et
591 4260 632 4321 1²:
661 4257 837 4336 excidetur,
865 4275 910 4319 se.
932 4255 1016 4333 siglo
1038 4256 1075 4317 ad
1095 4255 1260 4319 litterame

74 4367 210 4444 omisso,
237 4361 544 4444 praesciduntur,
573 4360 654 4440 quud
676 4358 773 4419 edidit
797 4356 864 4421 Pol.
906 4354 985 4419 Tres
1005 4353 1102 4417 uuddt
1131 4356 1259 4434 accipe-

1292 207 1368 290 195
