2888 4710
501 221 945 304 ANNO'I'A'I'IONES.
1290 223 1365 298 181

163 689 374 762 buciensem)
402 707 459 768 per
483 709 504 751 o
532 689 660 752 litteram
688 689 766 752 Mes.
789 690 935 754 Frontioi.
979 689 1044 752 Alii
1064 708 1121 769 per
1142 689 1170 751 i.
1212 690 1365 754 Drakenb.

79 805 119 866 ab
142 802 210 865 biv.
226 802 268 865 11.
284 808 334 867 39.
378 804 519 868 Garatom.
541 805 578 867 ad
601 803 667 870 Cic.
689 804 795 867 Pianc.
817 824 845 870 e.
859 809 889 867 n.
933 804 1042 868 Graeci
1065 806 1169 867 eadem
1190 807 1367 868 inconstanss.

77 921 123 980 tio
144 920 233 983 modo
254 939 310 998 per
332 919 553 998 subscribunt,
581 922 671 983 modo
692 940 749 1001 per
770 921 801 998 β.
843 920 909 982 Nec
931 938 1022 982 sanae
1042 921 1151 982 meotis
1174 923 1221 982 est
1244 922 1273 982 io
1296 923 1345 982 tan

75 1034 146 1097 tilia
165 1053 198 1096 re
220 1039 270 1097 aut
291 1034 391 1113 legem
414 1039 523 1111 certam
544 1040 596 1099 ant
617 1038 814 1100 constantiam
836 1039 984 1115 spectare.
1027 1034 1167 1099 iliilb'it.

160 1416 353 1491 basilianis)
382 1416 428 1480 lta
449 1417 539 1479 codd.
574 1416 624 1482 Gi.
646 1416 684 1478 mi
706 1416 822 1491 Anti.
857 1416 1094 1498 concipiebatur
1115 1418 1213 1493 Virgo
1236 1418 1266 1479 io
1289 1435 1364 1494 agro

76 1531 264 1612 Lucullano,
294 1534 351 1595 sed
377 1535 408 1595 iu
426 1521 523 1594 'arcus
549 1533 752 1624 recipiebatur
773 1532 829 1594 sub
851 1531 949 1595 bortis
969 1533 1146 1595 Lucilianis.
1190 1529 1365 1609 „Nardious

76 1646 135 1709 IV.
158 1651 177 1708 't
209 1652 322 1727 partem
345 1648 435 1710 coibis
458 1648 651 1711 Hortulorum
673 1649 806 1726 Regioni
828 1646 875 1710 IX
896 1648 1047 1725 attribuit,
1077 1651 1109 1708 ut
1128 1645 1281 1708 hortorum
1304 1665 1364 1706 no-

76 1764 254 1825 minatorum
275 1762 335 1825 boo
357 1763 446 1842 ioco,
474 1782 550 1845 quos
571 1762 625 1825 iiie
646 1782 705 1825 noo
725 1783 781 1844 pro
802 1765 995 1839 buciliensis,
1017 1765 1071 1824 sed
1093 1781 1149 1842 pro
1171 1762 1364 1828 Lucullianis

76 1879 221 1956 assumit,
250 1880 365 1958 positio
394 1881 580 1940 consentiret
608 1898 673 1941 oum
699 1879 767 1941 Ruti
795 1884 883 1962 atque
904 1880 1040 1941 Victoris
1063 1878 1283 1958 descriptione,
1311 1877 1362 1957 qui

76 1997 192 2073 ponunt
214 1994 245 2054 ln
266 1995 407 2072 Regione
429 1994 475 2056 IX
495 1995 600 2057 bertoo
621 1994 821 2057 Locutiuuos.
855 1995 936 2080 Quid
957 1999 1054 2056 taruco
1075 1999 1176 2072 vetat,
1198 1994 1269 2075 quin
1292 2009 1362 2052 ore-

78 2107 203 2186 damus,
234 2108 406 2171 Frontinum
430 2111 631 2171 nominavisse
653 2109 762 2172 hortos
789 2112 826 2172 ad
849 2110 976 2193 aliquem
999 2110 1144 2171 Lurciiium
1166 2109 1362 2188 pertinentes,

75 2224 168 2303 etque
189 2223 259 2284 ideo
281 2225 464 2288 Lucilianos
485 2220 721 2306 nuncupatosi“
754 2225 868 2288 Scribit
892 2225 968 2287 baec
989 2224 1057 2287 Pol.
1090 2225 1130 2286 bit
1151 2227 1235 2287 erant
1255 2238 1363 2284 revera

75 2335 178 2415 berti,
200 2340 318 2401 nomine
340 2340 518 2418 Lucilium,
542 2346 574 2404 ot
595 2343 750 2404 retulimus
772 2343 808 2402 ad
831 2340 900 2402 Art.
918 2347 947 2403 5.

157 2469 290 2549 frontem
309 2472 491 2553 septorum)
525 2472 620 2553 Septa
639 2472 720 2533 iulia
740 2474 910 2553 Agrippae.
942 2473 1003 2534 Dio
1028 2471 1116 2535 Cass.
1139 2470 1193 2533 111.
1212 2475 1262 2533 23.
1295 2467 1361 2531 Cic.

74 2584 114 2645 oti
135 2584 203 2647 Att.
227 2584 281 2649 lv.
305 2593 354 2650 lo.
375 2608 406 2666 p.
424 2592 482 2650 611
505 2589 578 2650 iirn.
601 2590 640 2650 ci.
664 2587 801 2650 Sebulta.
825 2587 991 2666 Gruodleg.
1013 2607 1045 2667 p.
1064 2591 1134 2650 219.
1167 2587 1243 2648 Ptin.
1266 2584 1306 2645 il.
1320 2584 1358 2644 N.

77 2705 127 2764 ro.
163 2720 195 2780 p.
225 2706 294 2766 133.
337 2701 386 2763 Ab
421 2704 572 2765 Hadriano
604 2705 785 2783 instaurata,
823 2701 973 2784 Spartiao.
1008 2703 1099 2767 iladr.
1129 2710 1177 2765 13.
1220 2700 1359 2763 floron.

73 2814 150 2878 Scb.
172 2816 198 2878 Ι.
223 2820 271 2880 11.

158 2954 270 3019 actuo)
299 2950 437 3012 Notanda
465 2958 512 3013 est
538 2952 653 3014 locutio
674 2971 758 3035 aqua
779 2956 900 3033 equor,
929 2970 987 3037 qua
1008 2955 1133 3014 ootiooe
1155 2970 1212 3012 nos
1235 2951 1363 3011 dieirrrus

75 3066 160 3145 „das
177 3065 304 3128 Wasscr
325 3067 458 3147 treibt“‚
485 3068 709 3146 significatione
730 3074 837 3130 neutra
858 3088 914 3149 pro
935 3070 1039 3147 „wiri
1061 3064 1319 3147 t'ortgetriebeo“.

694 3303 745 3364 23.

159 3452 311 3524 rationis)
343 3449 471 3512 Gesner.
495 3453 524 3512 in
546 3472 578 3512 v.
601 3470 645 3512 nr.
664 3455 695 3511 2.
737 3450 876 3514 Horon.

157 3585 278 3642 nomino
305 3587 511 3664 quinariomm
538 3588 619 3658 etc.)
652 3584 753 3645 Verba
780 3587 985 3664 quinariurum
1011 3586 1309 3665 centenariorumquc
1334 3592 1366 3643 et

74 3706 243 3759 ceterorum
265 3717 324 3759 oon
347 3702 417 3760 sunt
439 3700 585 3761 Frontini.
622 3699 749 3761 Nomina
771 3701 848 3760 enim
870 3698 1054 3760 modulorum
1078 3705 1136 3760 tum
1160 3700 1274 3758 demum
1297 3699 1363 3762 ruit

74 3813 230 3891 proferre,
261 3832 348 3896 quuur
376 3833 477 3875 eorum
506 3817 654 3893 originem
678 3820 868 3895 naturamque
890 3817 1043 3893 exposuit.
1087 3813 1178 3876 Scit.
1221 3815 1290 3876 Non
1312 3819 1362 3877 io-

74 3929 199 3992 tcliexit
220 3930 268 3990 vir
289 3930 396 3991 doctus
418 3930 560 4011 loquendi
584 3931 839 3991 consuetudinem.
873 3931 992 3992 Etenim
1015 3932 1082 4008 ipso
1105 3932 1222 3992 rrourine
1244 3931 1361 3992 iistuiae

74 4045 304 4108 nominabantur
330 4047 497 4127 quinariae,
526 4049 716 4108 centenariae
739 4050 798 4108 etc.
826 4054 856 4107 et
877 4048 1007 4125 genItiri
1031 4050 1236 4128 quainoriururn
1258 4058 1360 4108 ceole-

74 4167 290 4244 aoriarumque
311 4167 461 4243 ponuntur
482 4163 550 4224 loeo
573 4162 754 4239 accusativi,
778 4182 858 4223 more
880 4162 1039 4243 loquendi,
1063 4164 1100 4223 de
1122 4183 1180 4244 quo
1202 4163 1238 4223 ad
1261 4163 1360 4225 Area

74 4280 219 4342 diximus.
262 4279 367 4360 ltaque
388 4279 543 4356 intellige:
574 4278 746 4360 Priusquam
769 4281 885 4340 nomina
907 4279 1070 4360 quinarias,
1099 4281 1285 4339 centenarias
1307 4297 1362 4339 co-

73 4402 199 4478 temquc
221 4385 381 4459 fistularum
404 4398 518 4457 nomino
541 4388 708 4477 proferente
739 4413 795 4455 seu
819 4394 928 4455 clarius
951 4396 1056 4454 etiam:
1079 4394 1251 4474 Priusquam
1274 4394 1362 4456 fistu-
