2888 4710
80 174 154 263 108
497 188 936 269 AttitouA'elon'lis

80 423 173 486 muita
193 430 276 486 reete
298 428 428 486 statuere
449 424 520 486 mibi
542 427 690 487 uideatur.
722 426 772 487 Ad
794 432 926 487 nostrum
949 424 1046 485 loeum
1064 422 1200 507 Polenus
1223 421 1351 483 annotatt

80 538 191 617 ,liaeo
219 546 316 602 lamen
344 559 420 623 aqua
449 537 627 623 (Augusta)
655 542 827 617 ablareia,
856 542 905 602 eui
933 540 1095 601 eoniuneta
1122 543 1207 614 erat,
1236 555 1295 598 noa
1314 538 1353 599 aie

80 654 337 733 distinguebatur,
370 659 403 717 ut
432 674 488 735 pro
521 656 634 716 duabus
665 656 844 717 haberentur
870 656 984 717 biarcio
1011 660 1043 715 et
1069 653 1164 716 baec:
1195 671 1262 715 naeu
1287 650 1352 713 bare

77 767 210 832 ltlareiae
231 771 365 831 immixta
384 771 535 849 proprium
556 772 710 833 amittebat
725 790 851 847 norrren,
873 788 989 853 unaque
1003 770 1120 833 illareia
1137 766 1351 849 reputabatur.“

80 883 172 945 lmnro
195 884 281 963 (Art.
297 884 335 965 5)
362 885 400 946 ad
428 886 594 947 milliarium
614 885 660 948 l'l
682 886 733 948 elai
754 884 949 947 Praenestini
971 884 1107 966 proxime
1130 886 1210 945 uiam
1232 880 1350 945 Collati-

78 1017 142 1059 uam
171 1018 268 1060 rannus
295 1001 457 1077 Augustae
482 1002 594 1081 accipit
620 1003 750 1079 iontem,
780 1003 802 1062 i.
824 1021 852 1063 e.
881 1022 920 1063 ex
942 1002 1087 1078 Augusta
1113 1000 1286 1061 secernitur
1308 995 1349 1058 rel

79 1115 233 1175 derivatur
252 1134 323 1195 pars
343 1134 457 1199 aquae,
489 1121 521 1180 et
540 1115 731 1193 longitudine
753 1135 892 1196 passuum
913 1120 996 1177 0080
1023 1116 1053 1175 in
1073 1115 1206 1194 Appiam
1229 1113 1350 1175 infandi-

78 1238 134 1292 tur.
177 1229 266 1290 l'also
296 1233 373 1291 enim
399 1230 451 1292 illo
480 1230 550 1293 loeo
578 1252 681 1295 ramus
706 1234 865 1311 Aapustoe
890 1250 909 1292 a
930 1233 1006 1292 viris
1028 1232 1128 1313 doetis
1149 1234 1274 1308 putatur
1292 1244 1350 1288 esse

75 1348 232 1425 Αιφιιιια,
254 1346 319 1409 ie.
341 1350 409 1425 ipsa
429 1365 505 1428 aqua
520 1348 680 1425 Augusta,
700 1350 733 1409 et
752 1346 913 1424 Augustae
936 1348 1025 1425 origo
1048 1346 1207 1424 tribuitur,
1229 1361 1302 1426 qnae
1319 1343 1349 1403 ad

77 1462 144 1520 eius
165 1478 273 1520 ramnum
296 1466 407 1523 mutum
428 1463 577 1540 pertinet,
605 1464 655 1545 qui
678 1463 791 1524 iontem
812 1464 944 1541 accipit,
965 1463 987 1522 i.
1004 1479 1033 1525 e.
1054 1460 1210 1538 excurrit,
1232 1478 1271 1521 ex
1291 1457 1349 1519 Au-

76 1579 184 1652 gusta:
212 1578 258 1636 sie
285 1577 361 1637 enim
389 1577 482 1637 uerba
504 1578 620 1657 [ostem
646 1581 765 1660 accipit
791 1577 986 1655 intelligenda
1007 1580 1094 1653 suut,
1125 1594 1186 1637 uon
1210 1576 1249 1636 de
1268 1574 1350 1654 priua

76 1711 170 1772 aquae
192 1690 353 1769 Augustae
376 1693 507 1770 origine.
549 1693 644 1754 Porro
666 1694 727 1755 llio
748 1690 876 1754 Cassius
896 1692 967 1754 Lll'
988 1691 1137 1771 prodidit,
1160 1707 1265 1770 aquam
1285 1688 1350 1751 Vir-

74 1807 177 1882 ginem
202 1806 239 1866 ab
260 1807 401 1885 Agrippa
422 1808 554 1886 propriis
575 1808 741 1887 sumptibus
762 1808 790 1868 in
812 1806 920 1868 l'rbem
942 1826 1015 1867 esse
1036 1808 1211 1883 adductam,
1239 1822 1352 1884 eamque

79 1938 184 1982 amanen
214 1923 378 2000 aceepisse'
399 1923 583 2000 Augustam.
626 1924 691 2009 Qua
724 1924 761 1984 de
793 1942 827 1984 re
858 1924 1016 1985 Fabrettus
1046 1920 1109 1983 b'ro
1131 1925 1195 1982 354
1227 1918 1353 1991 coniicit,

79 2035 206 2096 iiionem
223 2036 379 2112 Virginem
400 2037 575 2098 confudisse
596 2057 660 2099 eum
676 2038 797 2118 Appia,
819 2057 903 2120 quam
919 2037 1081 2115 Augustae
1101 2056 1201 2097 ramus
1223 2032 1355 2113 supplet,

80 2169 203 2232 eamque
231 2154 409 2213 sententiam
435 2153 544 2231 probat
570 2152 716 2214 Polenus.
759 2154 849 2214 loturo
873 2153 961 2215 aliter
981 2172 1043 2231 ego
1065 2153 1177 2213 sentio.
1220 2150 1356 2213 Nimirum

79 2265 223 2342 Augusta
249 2285 307 2327 non
331 2268 431 2327 estin
453 2286 573 2328 numero
595 2286 733 2349 aquarum
754 2271 841 2347 primi
864 2271 998 2342 ordinis,
1027 2268 1097 2349 quia
1117 2267 1185 2327 eius
1206 2283 1283 2348 aqua
1303 2283 1356 2325 non

81 2383 150 2458 ipso
179 2383 298 2442 nomine
327 2384 355 2442 ln
377 2381 485 2443 l'rbem
513 2384 679 2453 inducitur,
709 2390 740 2445 ut
767 2400 862 2466 aquae
887 2390 1024 2444 eeterae:
1051 2382 1233 2443 subsidiaria
1252 2383 1358 2461 anun

81 2515 156 2576 aqna
178 2506 243 2573 est,
266 2499 344 2578 quod
367 2503 471 2559 teneas
491 2497 602 2576 uelim,
624 2499 832 2579 supplemento
855 2500 992 2560 seruiens
1011 2497 1144 2559 illareiae
1164 2500 1199 2557 et
1221 2494 1359 2559 Claudiae

83 2610 169 2691 (Art.
189 2609 260 2692 tt),
282 2613 427 2692 supplens
447 2618 554 2693 postea
570 2616 658 2675 eliam
674 2616 821 2693 Appiam:
843 2617 971 2677 nourinis
986 2619 1085 2675 autem
1101 2610 1253 2689 singulari
1269 2627 1358 2693 aquae

82 2728 183 2789 ductui
213 2729 344 2808 impositi
371 2728 513 2789 bonorem
541 2748 682 2811 nusquam
711 2730 851 2791 obtinuit.
894 2730 948 2790 Sic
969 2728 1125 2805 Virginem
1151 2744 1274 2809 quoque
1293 2727 1357 2789 Au-

80 2849 171 2919 gusta
197 2845 350 2906 adiuvisse
377 2845 513 2906 uidetur:
541 2850 573 2906 ut
595 2865 636 2907 ex
657 2845 726 2908 Art.
744 2852 783 2906 10
804 2845 907 2907 uerbis
927 2855 958 2905 et
978 2824 1187 2926 ooarplaribaa
1208 2844 1286 2922 aliia
1305 2860 1358 2904 ae-

83 2958 297 3039 paieitioaibus
311 2959 461 3036 colligere
477 2966 543 3022 esta
566 2963 700 3042 rpuanmis
722 2961 816 3039 ipsum
839 2961 880 3020 ibi
900 2978 1049 3039 reponere
1070 2958 1236 3037 Augustae
1256 2974 1357 3021 nomen

83 3074 205 3134 audatis
236 3076 326 3137 iuret.
377 3076 482 3157 ltaque
512 3077 673 3155 Agrippa,
705 3077 792 3136 etiam
823 3077 952 3136 nominis
981 3074 1127 3136 bonorem
1157 3074 1357 3147 restituturus,

84 3191 240 3267 l'irginem
267 3192 436 3252 nominasse
458 3192 579 3252 uidetur
597 3191 786 3269 Augustam
814 3192 948 3272 quamuis
970 3192 1073 3252 eadem
1094 3193 1198 3269 sorte,
1226 3207 1288 3270 qua
1306 3206 1356 3250 aa·

83 3316 150 3385 tea,
172 3327 275 3367 nomen
298 3326 357 3368 non
379 3309 409 3367 in
430 3304 542 3382 uulgus
562 3307 691 3383 exierit,
711 3308 766 3368 sed
788 3306 886 3385 l'irgo
908 3324 1015 3367 nomeu
1035 3307 1238 3385 superauerit.
1263 3304 1356 3367 lieni-

83 3442 141 3504 que
169 3428 251 3485 trans
273 3423 407 3484 Tiberim
427 3440 547 3505 quoque
567 3421 706 3499 l'irginis
727 3442 830 3503 aquam
852 3424 882 3482 in
904 3420 992 3483 l’rbis
1013 3421 1187 3499 Regionem
1207 3419 1286 3483 xiv
1306 3420 1355 3482 de

84 3543 200 3601 ductam
233 3540 328 3598 tuisse
353 3537 427 3615 lego
464 3542 535 3619 (ap.
555 3536 695 3599 Sebuitn.
716 3538 756 3600 l'.
778 3534 837 3619 il:
875 3556 1028 3618 quaeres
1055 3556 1114 3599 nos
1139 3537 1299 3615 admonet,
1324 3552 1355 3597 aa

83 3674 285 3735 praepropere
306 3656 449 3715 i'aeiamus
469 3656 501 3716 in
521 3653 659 3715 delendis
679 3654 783 3715 uerbis
804 3653 909 3715 Arii
929 3673 1007 3734 puae
1026 3652 1135 3714 roden
1148 3661 1283 3714 ooeam
1294 3652 1355 3715 Aa·

82 3780 191 3852 pasto,
212 3776 244 3830 et
263 3770 334 3831 Art.
351 3773 385 3829 ii
409 3789 488 3851 puae
506 3781 637 3833 eoeotur
654 3776 805 3850 stupuere.
846 3768 919 3831 b'am
941 3771 968 3830 si
990 3767 1084 3830 ilioni
1104 3767 1191 3829 idem
1212 3766 1355 3845 adiungis,

83 3886 239 3962 l'irginem
262 3884 373 3945 dicenti
389 3892 524 3946 uoeatmn
542 3906 611 3946 esse
627 3886 815 3964 Augustam,
838 3883 913 3946 nibil
929 3892 996 3963 est,
1018 3883 1097 3965 quod
1113 3883 1261 3946 Frontino
1278 3882 1354 3944 tuen

84 4005 236 4079 deroges,
265 3998 383 4060 duobus
410 3999 487 4059 loeis
514 4003 659 4079 narranti,
688 4004 776 4063 etiam
797 4002 977 4064 Alsietinam
999 4001 1177 4060 nominatam
1199 4017 1273 4060 esse
1294 3998 1355 4060 Ar-

82 4124 211 4196 gustam.
233 4148 273 4160 -
315 4114 420 4175 b'ostri
449 4113 509 4175 loci
535 4117 651 4178 auxilio
677 4118 809 4178 tortasse
835 4119 923 4179 etiam
950 4118 987 4176 ad
1016 4117 1164 4192 originem
1183 4112 1320 4175 {tlareiae
1342 4130 1358 4172 a

81 4236 181 4299 Plinio
210 4232 330 4292 relatam
353 4232 401 4299 (a.
421 4231 459 4290 ad
482 4229 549 4290 Art.
566 4233 606 4304 i)
636 4232 861 4309 intelligendam
889 4232 1014 4312 propius
1041 4231 1187 4293 aeeedere
1214 4231 1356 4291 videmur.

83 4352 198 4413 Etenim
221 4366 281 4410 uon
303 4346 368 4407 sela
386 4344 544 4423 Augusta,
566 4365 642 4428 quae
663 4352 724 4409 soe
746 4367 855 4429 passus
877 4348 1102 4410 elonitarum
1124 4349 1238 4408 iontem
1260 4346 1358 4409 nasei-
