2888 4710
103 184 179 261 180
523 182 967 266 concretiones.

186 421 333 479 contectis
368 417 521 495 primicie)
569 413 696 477 Sueten.
736 418 808 481 Ner.
840 425 903 483 dl:
943 425 1097 506 pieeiaera
1133 455 1179 467 ·-
1215 432 1376 488 correctae

103 534 241 598 licinia

186 653 358 731 respirante
378 648 510 707 rivorum
532 650 638 718 merea)
666 646 794 729 Proprie
815 650 971 713 dicendum
993 651 1065 718 luit:
1088 654 1168 716 rivis
1187 669 1207 717 a
1230 668 1319 717 cursu
1337 674 1378 715 re-

103 768 296 853 spirantibuc.
324 784 355 823 r.
377 764 414 823 ad
436 761 505 824 Λή.
521 766 572 823 36.

185 883 294 946 modus
314 914 355 922 —
376 882 489 952 initur)
522 880 542 938 i.
560 895 588 941 c.
611 881 814 942 constituitur.
857 882 968 945 lladcm
992 883 1118 945 formula
1140 886 1211 950 Λή.
1229 891 1282 948 66.
1298 891 1345 950 ct.

188 1000 275 1088 9666
300 996 344 1058 ed
370 994 477 1058 libram
503 996 580 1066 etc.)
613 994 765 1075 Aquarum
793 996 910 1077 lullae,
938 998 1075 1078 Tepulae
1105 1003 1138 1063 ct
1164 1000 1304 1063 Marciae
1329 1005 1377 1065 rivi

104 1136 195 1197 cuper
215 1132 302 1176 arcuo
324 1113 408 1172 luere
429 1108 567 1189 perducti
588 1109 624 1168 ad
647 1110 801 1173 dexteram
823 1113 891 1174 viae
913 1113 1098 1193 Labicanae3
1119 1120 1282 1196 praeterea
1298 1120 1377 1182 liden

103 1253 190 1296 arcus
222 1228 422 1292 transiverunt
454 1242 509 1304 per
538 1242 636 1286 arcum
665 1228 798 1288 recentis
824 1233 929 1308 portae
958 1228 994 1291 S.
1016 1229 1182 1297 Laurentii.
1226 1233 1284 1296 llle
1310 1237 1378 1297 enin

101 1367 207 1425 arcus,
236 1362 328 1424 suuper
353 1360 438 1424 quem
461 1358 552 1422 aquas
573 1342 732 1403 traiecisse
755 1341 933 1407 Collatinam
955 1346 1033 1406 viam
1055 1347 1204 1409 credibile
1228 1355 1295 1427 est,
1323 1355 1378 1413 trec

100 1467 183 1527 riuos
205 1480 259 1523 scu
281 1476 393 1539 specus
413 1476 504 1536 supra
524 1473 559 1517 sc
580 1454 727 1535 babebat,
748 1476 825 1539 quos
840 1459 935 1521 luisse
951 1479 1088 1542 aquarum
1104 1463 1225 1543 duliae,
1248 1465 1378 1546 Tepulae

99 1599 134 1642 ac
149 1579 300 1653 Marciae,
322 1573 480 1650 colligitur
498 1591 538 1633 ex
553 1572 684 1633 rivorum
701 1575 904 1651 positionibus
920 1594 956 1637 ac
973 1578 1242 1653 magnitudinibus.
1278 1580 1377 1645 Paullo

98 1696 175 1758 ultra
199 1710 297 1754 arcum
326 1688 406 1748 illum
434 1687 504 1747 llexi
519 1687 651 1768 ‚iuuerunt
672 1689 780 1750 ductus
802 1707 910 1750 versus
932 1694 1046 1770 portam
1066 1694 1266 1777 viminalem,
1293 1703 1377 1779 atque

97 1812 137 1873 ibi
159 1806 316 1870 liniebatur
336 1802 493 1863 acclivitas
515 1801 604 1862 collis
621 1802 780 1864 Viminalis
802 1805 930 1885 indeque
952 1806 1042 1867 collis
1061 1808 1091 1869 in
1108 1807 1270 1888 planiciem
1287 1814 1377 1876 veluti

94 1925 299 1996 sternebatur,
321 1937 376 1998 per
397 1918 505 1979 ductus
527 1916 740 1978 subterraneos
761 1919 817 1979 sub
839 1938 875 1979 ea
896 1919 1025 1999 planicie
1047 1923 1177 1986 latentes
1201 1930 1265 1989 tres
1287 1947 1377 2012 aquae

93 2043 179 2102 luere
207 2037 388 2117 perductae:
417 2050 492 2114 quae
519 2034 655 2114 quoniam
682 2034 844 2094 secundum
866 2034 1022 2114 planiciem
1046 2040 1143 2118 ipsius
1165 2041 1257 2105 collis
1280 2043 1376 2107 Vimi-

90 2155 167 2217 nalis
187 2150 445 2232 perducebantur,
474 2149 588 2210 idcirco
611 2149 720 2208 ductae
740 2148 784 2210 ad
805 2149 913 2211 libram
934 2153 1025 2214 collis
1050 2153 1213 2219 Vimiaclic
1236 2159 1300 2221 dici
1321 2180 1375 2240 pc-

90 2276 186 2333 tucre.
228 2268 428 2342 Eroergentes
456 2266 553 2325 autem
582 2264 638 2323 riui
668 2282 764 2343 prope
789 2269 904 2345 portam
926 2267 1119 2347 viminalem,
1149 2290 1229 2353 «puae
1255 2280 1324 2339 erat
1347 2278 1374 2338 ln

88 2389 187 2450 medio
216 2385 356 2463 aggeris
384 2380 538 2461 Tarquinii
570 2381 600 2439 in
628 2378 658 2440 V
686 2378 845 2457 Regione,
874 2382 1019 2445 dederunt
1045 2390 1158 2463 partem
1187 2406 1287 2470 aquae
1312 2393 1373 2453 einr

86 2506 116 2567 V
142 2501 295 2580 Regioni,
325 2501 357 2559 ut
385 2496 516 2574 legimus
538 2495 607 2558 Art.
628 2501 679 2555 81.
697 2498 749 2555 82.
766 2499 817 2557 83.
846 2497 896 2558 ubi
919 2499 958 2561 de
980 2517 1118 2582 aquarum
1141 2519 1198 2581 per
1220 2504 1307 2566 urbis
1326 2525 1373 2568 re·

84 2621 194 2698 gicncs
220 2614 431 2698 partitionibus
453 2613 563 2689 agitur.
606 2609 695 2674 Pon.

167 2733 309 2796 castellis
324 2763 364 2774 —
382 2727 583 2810 diffunditur)
611 2725 758 2788 Caerellia
779 2726 954 2810 diffundere
974 2730 1051 2791 idem
1074 2734 1123 2792 est
1143 2732 1226 2814 quod
1247 2735 1320 2799 Λή.
1334 2740 1370 2799 83

84 2857 115 2915 ct
143 2852 215 2912 alibi
246 2851 277 2909 ia
304 2844 436 2907 castella
463 2842 625 2918 dividere,·
659 2842 836 2923 poniturque
865 2844 985 2905 dativus
1013 2843 1083 2907 loco
1112 2851 1283 2913 accusativi
1310 2870 1368 2913 eu

83 2964 321 3050 praepositione.
365 2959 414 3023 Cf.
444 2958 513 3020 Λή.
538 2966 596 3024 236
633 2956 798 3040 quibusque
825 2959 997 3039 repicaidae
1021 2961 1208 3039 deducatur,
1237 2966 1260 3026 i.
1287 2984 1316 3030 e.
1341 2968 1367 3027 io

82 3102 156 3166 quas
185 3080 341 3169 regiones.
384 3076 529 3155 Excepta
556 3074 577 3134 l.
599 3090 628 3136 c.
658 3073 784 3150 educta,
818 3075 955 3137 derivata
981 3092 1031 3165 en¹
1050 3077 1150 3140 dulia:
1182 3098 1242 3161 qua
1269 3083 1366 3144 eaden

80 3198 169 3262 verbi
190 3197 315 3259 notione
337 3192 405 3254 Art
421 3195 478 3257 15:
501 3192 656 3272 excipitur
677 3209 717 3252 ex
733 3190 865 3272 flumine.
907 3187 977 3254 Art.
989 3194 1044 3255 id:
1065 3196 1115 3256 cie
1134 3212 1236 3276 operae
1256 3216 1299 3258 ea
1317 3215 1364 3260 cr-

81 3318 140 3378 leri
159 3314 281 3394 [tormine
301 3317 444 3389 excepta.

161 3438 280 3511 partem
300 3430 349 3486 cui
369 3458 410 3468 -—
433 3423 562 3502 deiieit)
586 3423 655 3485 Art.
673 3426 732 3484 202
752 3424 942 3504 pertenenti
961 3427 993 3485 ia
1013 3443 1123 3501 arcus,
1146 3429 1199 3508 pai
1219 3436 1363 3489 necantur

78 3545 270 3616 Neroniani,
291 3540 451 3620 transfert.
494 3537 562 3599 Λή.
580 3543 639 3603 al:
658 3546 779 3620 partera
800 3538 856 3600 dat
876 3540 907 3600 irr
927 3557 1063 3620 specura,
1086 3544 1138 3622 pai
1152 3551 1286 3605 occatur
1302 3539 1362 3605 Oc-

78 3664 231 3723 lavicans.

695 3858 747 3920 2⁰.

159 4009 204 4072 Hi
226 4006 362 4085 directi)
391 4021 435 4067 ec.
456 4020 553 4065 arcus.
586 4004 655 4069 Art.
675 4009 733 4066 121
755 4004 866 4067 directi
885 4022 1006 4086 rpecrre.
1039 4006 1172 4067 lrcntin.
1196 4005 1235 4068 de
1258 4003 1361 4069 06166.

76 4145 126 4207 ap.
143 4124 238 4188 coes.
260 4140 291 4201 p.
311 4124 369 4183 116
391 4119 500 4181 limites
522 4119 641 4182 directi.

161 4239 320 4303 Palatium
340 4237 594 4318 Aventinumpue)
619 4235 729 4296 liadem
754 4237 848 4299 lerum
869 4236 935 4299 liu.
953 4236 978 4299 l.
995 4241 1017 4299 6
1033 4236 1100 4301 cn:
1122 4236 1282 4301 Palatium
1295 4236 1361 4301 lto-

75 4352 191 4431 rurlrrr,
211 4350 325 4417 liemer
346 4352 525 4414 Aventicum
545 4383 585 4395 -
608 4352 741 4432 capient.
