2888 4710
495 226 937 312 ANNO'i'A'l'IONidS.
1284 235 1358 312 tua

75 472 242 554 cipiantur.
271 469 301 530 in
327 465 374 529 his
400 467 597 549 quinariarum
624 483 783 547 numerus,
812 486 888 550 quae
916 468 947 530 iu
968 484 1056 532 arcus
1078 469 1276 550 recipluntur,
1304 490 1358 534 rc-

72 587 223 666 spieitur,
254 583 324 645 loco
345 583 442 663 modi,
470 582 500 644 in
521 582 637 662 piscina
657 584 805 645 mensuris
825 584 937 663 positis
958 584 1045 650 initi:
1075 586 1244 669 exquibus
1267 591 1359 650 evin-

74 702 173 779 citur,
201 699 336 779 modum,
365 699 416 782 qui
445 698 476 760 in
501 697 619 778 piscina
639 700 788 761 mensuris
809 698 919 778 positis
940 700 1085 778 inibatur,
1114 703 1240 764 cundem
1262 705 1358 766 inisse

76 835 143 878 cum
166 835 203 878 co
220 816 326 894 modo,
349 815 399 897 qui
421 815 492 894 post
511 815 656 894 piscinam
677 815 708 876 in
729 831 817 875 arcus
837 816 1047 894 recipiebatur.
1080 815 1164 879 Unde
1181 821 1359 882 sententiam

74 930 182 994 saitem
211 933 255 994 rei
282 949 343 992 non
370 931 510 993 absonam
537 931 709 992 restitueris
734 929 831 992 inane:
859 929 940 993 idem
968 932 1114 1007 (modus)
1142 954 1207 995 cum
1228 954 1282 1012 eo,
1309 941 1361 1020 pui

75 1052 165 1110 circu
193 1044 237 1128 (i.
255 1066 284 1108 e.
312 1065 427 1127 prope,
454 1045 534 1107 haud
560 1045 655 1123 longe
676 1049 715 1118 a)
744 1049 896 1129 piscinam
921 1050 955 1109 in
975 1067 1070 1110 arcus
1090 1054 1252 1131 excipitur.
1296 1051 1360 1115 Sed

76 1164 151 1246 quid
177 1181 255 1224 nunc
283 1161 335 1223 fiet
361 1161 483 1224 verbis:
503 1160 632 1247 ,meeum
659 1160 765 1225 eodem
790 1156 922 1224 cunuti?
962 1162 1032 1242 Ego
1058 1165 1232 1227 medicinam
1259 1168 1360 1230 iacere

75 1297 137 1341 non
164 1297 300 1358 possum.
341 1278 438 1339 littam
466 1276 555 1356 iibri,
584 1295 643 1360 quo
671 1276 770 1338 locum
798 1295 905 1339 sanare
931 1296 1056 1358 speres,
1084 1279 1157 1340 nihil
1179 1287 1360 1360 suggerunt.

77 1393 112 1457 ln
134 1391 160 1456 0
182 1412 244 1472 ego
265 1392 379 1455 video:
401 1412 487 1475 quom
508 1410 544 1456 eo
567 1396 627 1476 qui.
670 1391 716 1456 Ut
738 1411 862 1455 cumen
886 1391 968 1476 quid.
1010 1393 1042 1457 V
1057 1394 1098 1458 F:
1119 1400 1232 1478 positis
1253 1401 1283 1460 iu
1304 1403 1363 1463 iter

78 1529 145 1572 cum
166 1513 217 1594 qui
237 1528 285 1573 cc.
307 1506 351 1590 (i.
368 1527 397 1570 e.
415 1512 518 1581 circu)
537 1511 680 1591 piscinae
701 1507 785 1570 duct.
815 1508 976 1571 Praeterea
996 1528 1052 1590 pro
1073 1515 1106 1573 in
1126 1531 1219 1575 orcus
1239 1517 1363 1597 excipi.

78 1634 147 1705 tur,
177 1626 259 1708 quod
287 1623 355 1688 Pol.
382 1623 541 1703 vulgavit,
571 1624 602 1685 in
624 1623 761 1686 omnibus
781 1623 869 1686 libris
889 1623 1023 1701 iegitur:
1051 1629 1083 1689 in
1103 1645 1179 1693 areu
1198 1634 1366 1711 excipitur.

77 1739 209 1820 Maium,
237 1740 319 1824 quod
340 1739 427 1802 ctiam
449 1739 543 1801 scrire
563 1739 642 1801 inire
662 1741 838 1821 sequentia,
864 1748 921 1802 aut
940 1760 1019 1825 puae
1037 1746 1070 1804 in
1090 1761 1186 1806 arcus
1205 1749 1364 1829 recipitur,

79 1857 109 1920 in
130 1857 240 1941 quibus
261 1856 392 1917 fortasse
414 1854 528 1937 aliquid
548 1854 623 1917 latet
643 1855 767 1935 auxilii,
793 1856 823 1917 in
846 1855 933 1920 codd.
954 1859 1148 1937 pessumdata
1169 1857 1259 1923 sunt!

37 1960 43 1975 '
162 1976 194 2034 in
222 1975 378 2054 conceptis
406 1975 503 2044 com)
531 1969 664 2033 Poienus
685 1969 745 2033 hoc
767 1971 845 2032 idem
867 1989 938 2034 csse
960 1975 1099 2052 opinatur
1119 1977 1200 2057 quod
1225 1980 1258 2038 in
1280 1997 1364 2041 com-

78 2092 245 2152 mentariis.
267 2105 342 2169 quac
365 2087 532 2147 accuratius
555 2086 736 2166 exponenda
755 2088 819 2148 erat
836 2089 951 2166 opinio.
982 2087 1031 2150 De
1049 2093 1259 2170 conceptionis
1274 2095 1364 2155 modo

78 2206 110 2268 in
128 2203 346 2267 commentariis
361 2202 513 2281 adscripto
532 2202 713 2281 disserenti,
731 2201 819 2264 licuit
828 2202 970 2265 Frontino
987 2204 1131 2267 inscienti
1146 2205 1245 2290 aliquo
1261 2210 1365 2289 modo,

79 2322 113 2384 ei
132 2338 172 2383 ne
191 2336 309 2399 semper
326 2317 450 2380 eandem
466 2335 528 2378 rem
544 2317 651 2379 iisdem
668 2315 771 2380 verbis
787 2317 947 2397 redderet,
970 2330 1121 2401 conceptu
1142 2325 1254 2396 (neuin.
1268 2323 1365 2404 plur.)

80 2437 184 2499 dicere
205 2452 261 2515 pro
283 2433 388 2513 „modi
411 2431 596 2511 concepti“,
626 2432 648 2492 i.
666 2450 695 2495 e.
716 2431 945 2514 comprehensi,
969 2435 1132 2517 descripti,
1154 2441 1284 2500 numeris
1306 2459 1365 2502 ex-

78 2553 193 2635 pressi.
226 2548 394 2612 Notandum
417 2550 466 2610 cst
485 2546 546 2609 hoo
567 2547 805 2625 substantivum,
827 2567 845 2609 a
866 2550 954 2629 solo,
976 2551 1058 2632 quod
1079 2554 1186 2631 sciam,
1208 2553 1365 2629 Frontino,

79 2669 139 2732 sed
161 2666 277 2729 duobus
298 2664 394 2740 locis,
418 2664 573 2742 usitatum,
597 2665 628 2725 ct
648 2660 880 2743 lexicographis
900 2664 997 2727 adhuc
1019 2665 1213 2744 incognitum.
1256 2670 1367 2733 Fateor

80 2787 200 2861 tamen,
221 2781 330 2843 melius
351 2780 461 2842 dictum
482 2779 581 2840 inisse
602 2782 633 2840 in
655 2783 867 2861 conceptionis
885 2781 986 2843 modo.

165 2905 305 2978 concept.
325 2895 460 2967 modum)
482 2894 551 2956 An.
568 2897 626 2959 oo:
648 2894 780 2976 amptius
801 2914 889 2978 mum
905 2900 937 2958 in
953 2902 1175 2964 commentariis
1189 2907 1367 2984 conceptio-

80 2994 132 3081 nis
151 3014 268 3078 modum
288 3011 457 3093 sipnificuri
477 3010 619 3073 mximas.
662 3009 733 3072 Art.
756 3013 815 3074 tl:
837 3011 1012 3075 Alsietinus
1033 3019 1243 3097 conceptionis
1263 3019 1369 3081 modus
1396 3099 1398 3105 Ι

82 3152 142 3196 nec
161 3136 194 3194 ιιι
215 3148 319 3192 comm·
340 3128 517 3210 adscriptus
537 3134 595 3189 est.
636 3127 705 3191 nn.
721 3128 780 3190 ot:
802 3129 930 3210 Appiae
950 3131 983 3190 in
999 3148 1102 3194 comm.
1123 3131 1302 3214 adscriptus
1322 3143 1372 3197 est

82 3247 207 3324 modus,
230 3244 298 3308 scii.
320 3243 544 3323 conceptionis,
567 3261 643 3325 quac
664 3261 730 3304 vox
752 3243 840 3319 ctiam
862 3245 948 3306 initio
971 3246 1053 3310 Artt.
1070 3251 1120 3312 66.
1137 3249 1176 3309 cr
1194 3248 1252 3310 cic.
1273 3249 1368 3311 intei-

81 3363 209 3445 iigenda
237 3362 296 3423 est.
338 3360 396 3420 nist
426 3362 524 3420 autem
556 3358 664 3420 modus
690 3344 900 3442 conceptionis
930 3361 1037 3422 modus
1068 3380 1162 3444 oquae
1192 3368 1367 3446 conceptae,

81 3478 232 3565 qumans
253 3493 347 3558 aquae
370 3473 536 3552 collectae,
561 3474 799 3553 Fassungsmass
819 3479 973 3548 (vertente
995 3475 1183 3550 Schultuioi.
1294 3564 1298 3573 ,

165 3612 223 3657 cas
243 3597 389 3665 cessme)
423 3588 566 3668 Scilicet,
595 3607 654 3666 non
676 3592 755 3651 enim
777 3609 829 3652 eas
850 3608 944 3673 aquae
966 3593 1116 3673 quinarias
1138 3584 1219 3655 2499
1241 3596 1369 3660 deiicere

82 3714 210 3795 propter
228 3709 434 3790 paupertatem
455 3721 550 3787 aquae
571 3705 711 3786 fontium,
733 3705 922 3767 manifestum
944 3710 993 3769 cst
1014 3712 1073 3771 cte.
1115 3709 1204 3772 Pon.

702 3907 753 3968 68.

147 4058 279 4124 'deiude
306 4060 408 4122 stetim
436 4075 476 4117 eu
494 4051 648 4128 Mareia]
675 4053 786 4118 Statim
812 4054 882 4134 iric,
910 4055 1057 4122 nn.1ou
1088 4064 1212 4134 (statim
1232 4063 1270 4124 ud
1291 4064 1369 4136 doc)

85 4179 119 4242 ei
139 4174 211 4239 nn.
230 4178 290 4238 112
312 4177 435 4247 (stetim
456 4171 616 4253 amplioris
633 4170 797 4251 simulac),
819 4172 925 4255 quibus
948 4173 1026 4236 iocis
1046 4174 1251 4238 brevissimum
1274 4179 1370 4241 inter-

84 4290 199 4355 retium
221 4289 389 4369 significat,
406 4287 451 4350 'ab
474 4290 639 4367 interprete
660 4286 753 4381 medii·
770 4289 838 4350 aevi
860 4288 1069 4370 interpolatum
1092 4295 1157 4370 cst3
1178 4311 1242 4354 nam
1265 4293 1318 4355 diu
1341 4298 1371 4357 et

85 4411 189 4472 stetim
210 4407 249 4468 de
270 4408 368 4485 spatio
390 4406 438 4466 usi
460 4422 520 4466 non
542 4404 610 4467 sunt
629 4404 699 4465 autc
715 4402 872 4485 Pomponii
888 4405 1009 4484 iiieiae,
1031 4426 1117 4487 quem
1134 4411 1262 4487 vocant,
1285 4415 1371 4472 ueta-

1072 4521 1132 4588 1³
