2888 4710
446 179 519 254 ott
545 177 736 272 ‘tottam
761 174 1042 256 DUO'I'IBUS.

176 412 297 508 risque
322 413 444 486 ltaliae
469 413 570 501 locis,
610 412 735 484 unciae
761 412 794 484 in
819 409 1048 509 popularibus
1074 408 1272 483 rationibus
1296 407 1349 482 ad·

174 526 243 600 buc
269 529 514 603 observantur.
564 527 635 601 ltst
660 537 776 601 autem
801 526 945 623 digrtus,
971 535 1011 600 ut
1032 525 1209 621 convenit,
1238 532 1350 599 sexta-

175 641 310 717 decima
348 668 432 740 pars
469 642 583 742 pedis,
631 644 736 717 uncia
773 641 992 716 duodecima.
1055 638 1350 732 Quemadmodum

175 770 291 833 autem
322 761 411 833 inter
443 761 580 835 unciam
613 770 648 834 et
680 758 824 857 digitum
859 757 1061 852 diversitas,
1101 757 1148 831 ita
1180 767 1218 830 et
1249 755 1350 855 ipsius

175 874 273 973 digiti
312 876 462 973 simplex
500 877 702 951 observatio
741 900 810 949 norr
843 885 910 947 est.
960 873 1070 949 Alius
1094 882 1247 947 vocatur
1271 893 1349 968 qua·

174 990 309 1086 dratuS,
348 992 439 1064 alius
472 992 653 1066 rotundus.
705 988 909 1082 Quadratus
942 989 1055 1063 tribus
1080 986 1351 1087 quartisdecimia

177 1109 253 1181 suis
279 1107 425 1182 rotuudo
453 1109 582 1200 maior;
614 1106 785 1181 rotundus
811 1106 924 1180 tribus
948 1105 1142 1180 undecimis
1168 1105 1248 1178 suis
1272 1126 1351 1200 qua·

98 1216 273 1298 25t1ao
299 1226 411 1298 minor
437 1235 503 1319 est,
547 1224 684 1298 scilicet
708 1225 789 1320 quia
815 1222 934 1319 unguii
959 1220 1171 1296 deteruntur.
1223 1219 1352 1297 Postea

174 1338 349 1436 modulus,
391 1364 457 1414 uec
481 1341 526 1415 ab
553 1343 655 1414 uncia
680 1363 747 1413 nec
772 1338 816 1414 ab
843 1338 1008 1411 alterutro
1034 1336 1222 1435 digitorum
1249 1333 1352 1433 origi·

175 1479 255 1529 uem
280 1457 471 1553 accipiens,
507 1455 681 1551 inductos,
716 1467 754 1528 ut
780 1454 919 1551 quidam
942 1463 1075 1551 putant,
1111 1453 1155 1527 ab
1180 1451 1352 1549 Agrippa,

175 1582 213 1644 ut
238 1573 317 1669 alii,
357 1574 600 1672 aplumbariis
616 1596 680 1669 per
693 1570 899 1645 Vitruvium
920 1566 1169 1664 architectum,
1197 1569 1233 1640 iu
1259 1581 1355 1646 usum

176 1688 286 1764 Urbis
313 1689 470 1762 exclusis
495 1689 670 1787 prioribus
683 1687 789 1784 verrit,
816 1686 1011 1784 appellatus
1030 1688 1187 1785 quinario
1200 1690 1354 1763 norum-a

175 1802 236 1898 qui
260 1814 377 1877 autem
395 1803 597 1902 Agrippam
620 1812 800 1878 auctorem
821 1802 961 1898 iaciunt,
988 1801 1116 1899 dicunt,
1141 1804 1239 1902 quod
1258 1805 1357 1903 quiu-

176 1942 246 2015 que
271 1920 401 2016 antiqui
424 1919 556 1993 moduli
581 1919 694 1995 exiles
725 1932 761 1994 et
795 1918 904 1995 vetuti
934 1932 1074 2017 puncta,
1114 1921 1243 2016 quibus
1281 1920 1358 1995 olim

176 2057 279 2132 aqua,
319 2060 399 2109 eum
424 2038 555 2134 exigua
586 2048 697 2134 esset,
737 2037 965 2131 dividebatur,
1004 2044 1041 2117 in
1073 2062 1176 2114 unam
1209 2038 1359 2127 fistulam

177 2153 291 2226 coacti
321 2164 419 2246 sunt3
457 2154 517 2249 qui
542 2152 745 2228 Vitruvium
772 2154 812 2231 'ct
836 2159 1062 2255 plumbarios
1100 2158 1145 2231 ab
1172 2181 1229 2252 eo,
1269 2154 1361 2254 quod

175 2267 339 2367 plumbea
363 2268 490 2342 lamina
514 2271 629 2368 plana,
665 2274 817 2370 quinque
842 2274 1030 2373 digitorum
1055 2274 1272 2350 latitudinem
1297 2275 1359 2349 ba·

176 2383 277 2480 bens,
306 2384 576 2460 circumactam
603 2386 797 2486 rotundum,
833 2389 924 2464 huuc
949 2391 1087 2465 fistulae
1112 2391 1254 2466 modum
1282 2392 1360 2469 essi-

176 2499 257 2574 ciat
283 2497 361 2608 Sed
370 2499 612 2578 hociucertum
620 2520 676 2579 est
682 2532 692 2599 3
708 2508 880 2605 quoniam,
898 2511 1249 2609 cumpircumagitur,
1269 2512 1362 2587 sicut

71 2703 319 2731 Μ

177 2842 321 2923 ceperunt
341 2858 397 2921 pro
419 2859 488 2902 com
511 2836 558 2921 (iu
579 2859 696 2925 quoque
718 2861 760 2905 ex
782 2841 967 2904 librariorum
988 2843 1102 2928 more),
1126 2848 1203 2910 unde
1226 2852 1364 2930 proiecta

183 2946 232 3004 cst
251 2940 283 3002 V
304 2943 336 3001 et
355 2939 380 3003 F
401 2938 509 3002 lectio:
532 2940 718 3005 observatio.
760 2940 846 3005 Nam
866 2943 948 3004 atius
971 2942 1018 3024 tin
1039 2943 1088 3007 bis
1109 2946 1185 3008 enim
1208 2948 1295 3011 libris
1317 2960 1364 3015 cat

171 3041 267 3105 omitti
289 3038 381 3118 solet,
410 3042 443 3101 ut
463 3040 518 3101 iam
541 3038 734 3121 promimus).
778 3040 813 3103 ln
837 3042 856 3103 J
878 3045 909 3104 et
930 3060 992 3105 rec.
1015 3028 1112 3107 autem
1133 3050 1261 3129 utroquo
1284 3048 1363 3127 (non

177 3147 210 3204 et
228 3150 315 3219 cam)
335 3142 453 3203 retento
476 3158 620 3201 excusum
641 3144 709 3203 est:
733 3140 906 3204 observatio
928 3161 988 3206 nou
1009 3155 1068 3208 est.
1095 3146 1181 3209 Nom
1200 3149 1284 3211 otior
1305 3154 1362 3215 etr.

176 3243 223 3305 Eu
243 3240 403 3302 verissima
423 3239 485 3301 loci
505 3238 640 3302 distorta.

217 3338 479 3426 quartisdecimia)
502 3334 545 3402 Gt
570 3339 831 3422 quartiodecumia,
854 3344 885 3405 ei
906 3341 984 3405 inira
1004 3343 1190 3407 oadeeumia.

217 3440 379 3513 rotondus)
402 3438 437 3502 ln
457 3437 487 3501 V
508 3437 532 3499 F
560 3440 648 3501 deest
669 3441 835 3506 sententia:
856 3442 1140 3505 rotundae-minor
1160 3455 1219 3507 eat.

111 3558 144 3614 ᾗ
215 3539 415 3622 plumbariis)
438 3536 464 3603 G
486 3535 529 3600 U:
550 3537 729 3621 pbcmbaria.
771 3539 806 3602 ln
827 3559 891 3623 seq.
914 3541 944 3603 V
965 3562 1022 3604 om.
1044 3543 1180 3608 exclusis
1196 3547 1362 3629 prioribus.

218 3643 320 3702 coacti
339 3639 427 3718 aune)
456 3637 535 3719 beg-
556 3642 626 3702 aiat.
647 3637 786 3704 ltulttn.
849 3640 978 3722 Propter
998 3643 1125 3725 efficiat,
1143 3646 1266 3726 opiuor.
1302 3646 1362 3711 bo-

176 3757 225 3804 mo
247 3738 365 3821 efficiat
384 3739 506 3819 scripsit
526 3744 641 3819 noster,
666 3738 737 3821 quia
757 3742 826 3820 ipsa
846 3758 897 3802 ree
918 3742 1031 3805 incerta
1052 3747 1110 3807 est.

217 3839 301 3903 vetur
316 3834 450 3920 puncta)
458 3836 506 3920 3111
526 3839 546 3900 J
567 3843 599 3901 ct
618 3850 690 3901 rec:
722 3841 827 3903 oebrti.
870 3839 901 3902 V
921 3842 959 3909 F:
995 3843 1093 3907 ultim
1109 3851 1239 3928 porteto.
1282 3843 1362 3909 um

176 3940 205 4004 V
226 3940 268 4002 ra
289 3942 321 4001 ic
338 3937 538 4021 plumbariae.

216 4040 316 4122 plana
336 4040 417 4118 etc.)
431 4037 507 4101 VF:
527 4040 625 4121 piata
647 4059 724 4125 poce
745 4041 906 4123 dipitorom
928 4045 982 4107 tat.
1005 4044 1074 4110 bob.
1090 4050 1314 4115 ¹circumactam
1333 4052 1363 4111 ia

174 4144 255 4207 boae
271 4140 395 4223 fiatolae
414 4140 609 4223 modom-rot.
632 4143 676 4224 es.

217 4239 450 4323 circumapitur)
472 4240 502 4304 V
522 4240 561 4305 r:
586 4245 697 4304 circum
719 4247 804 4306 circa
825 4246 938 4323 opiter.

217 4349 345 4430 potaque
367 4342 491 4429 prodr.)
535 4342 565 4406 V
585 4342 627 4406 F:
651 4347 790 4426 proriam
813 4344 921 4428 prodr.
