2888 4710
503 182 922 265 I'RON'IINUS.

171 419 350 521 negotirnu
383 442 452 494 non
485 417 685 494 sufficiebat
722 420 873 517 spatium
905 406 1112 512 Praeturae,
1159 416 1196 491 in
1229 440 1349 493 annun

171 538 319 611 altemm
351 544 409 610 est
440 544 678 634 prorogatum.
732 535 791 611 Eo
823 543 986 633 tempore
1016 533 1234 630 Decemviri,
1275 531 1349 607 dum

171 652 250 727 aliis
289 676 336 726 ex
373 653 493 725 causis
535 650 646 724 libros
684 648 882 751 Sibyllinos
925 650 1121 749 inspicimrt,
1171 649 1349 723 invenisse

171 768 342 864 dicuntur,
369 792 439 841 non
465 789 550 841 esse
575 789 701 863 aquam
725 767 908 861 Marciam,
935 764 1003 840 sed
1025 767 1141 865 potius
1160 765 1347 861 Anionem,

171 882 292 959 -de
325 883 394 958 hoc
426 884 518 956 enim
552 883 769 957 constantius
802 881 948 956 traditur
971 922 1032 979 -,
1070 882 1106 954 in
1139 878 1349 980 Capitolium

173 996 452 1098 perducendam3
479 997 593 1095 deque
618 1022 662 1073 ea
686 1022 725 1072 re
751 1000 786 1072 in
806 997 943 1076 Senatu
970 1023 990 1072 a
1011 996 1162 1096 Lepido,
1189 1018 1257 1095 pro
1279 996 1349 1072 col-

173 1115 258 1213 lega
286 1116 397 1192 verba
429 1116 589 1210 iaciente,
628 1124 746 1188 actum
768 1113 890 1213 Appio
917 1112 1080 1211 Claudio,
1121 1111 1167 1206 0.
1194 1110 1351 1189 Caecilio

174 1228 299 1327 Coss,
347 1230 563 1327 eandemque
600 1240 683 1329 post
718 1254 845 1304 annum
882 1231 1021 1304 tertium
1058 1255 1079 1303 a
1115 1228 1161 1302 lr.
1201 1226 1351 1302 Lentulo
1398 1312 1400 1319 ¹

173 1356 412 1422 retractatam:
451 1345 519 1421 sed
543 1356 691 1443 utroque
715 1357 872 1444 tempore
896 1347 1031 1421 vicisse
1056 1346 1205 1443 gratiam
1229 1344 1352 1419 Marcii

175 1461 314 1561 Regis3
353 1473 458 1561 atque
490 1462 538 1536 ita
570 1462 606 1535 in
633 1460 847 1560 Capitolium
881 1486 966 1536 esse
992 1485 1117 1559 aquam
1142 1459 1351 1561 perductam.

176 1576 386 1677 Concipitur
409 1579 545 1653 Marcia
579 1578 639 1651 via
662 1577 821 1675 Valeria,
862 1577 908 1652 ad
937 1578 1133 1653 milliarium
1164 1576 1352 1672 XXXVI,

176 1693 382 1770 diverticulo
423 1695 586 1771 euntibus
629 1694 671 1769 ab
705 1695 792 1769 urbe
825 1693 942 1769 Roma
973 1695 1182 1769 dextrorsus
1214 1692 1355 1767 millium

175 1833 348 1907 passuum
384 1811 497 1884 trium.
548 1809 763 1889 Sublacensi
799 1821 926 1910 autem,
980 1834 1071 1911 quae
1107 1810 1175 1885 sub
1212 1809 1356 1884 Nerone

74 1989 304 2008 μ

175 2078 286 2141 iunctis
307 2079 339 2140 in
360 2078 418 2140 imo
439 2078 572 2159 priorum
593 2079 735 2142 unitatum
757 2078 906 2158 apicibus,
927 2077 1065 2158 pluribus
1079 2075 1277 2139 suadentibus
1290 2092 1356 2137 esse

177 2178 399 2240 emendandum.
446 2176 536 2239 1³01..
585 2177 682 2239 Etiam
709 2178 755 2242 Vt
780 2176 926 2239 XXXIII.
969 2175 1032 2239 Sed
1061 2174 1087 2240 (i
1115 2178 1148 2239 et
1173 2173 1202 2237 11
1227 2174 1356 2239 Fabrcffl

177 2277 413 2339 emendationem
434 2277 564 2354 egregie
585 2277 752 2354 stabiliunt,
775 2279 807 2338 ut
826 2277 906 2338 vidit
927 2277 1015 2337 otiam
1032 2272 1105 2337 Scir.

216 2375 294 2437 mitt.
314 2396 350 2458 p.
370 2380 470 2438 trium.
490 2376 634 2449 Subduc.)
678 2375 761 2439 Libri
781 2376 889 2454 millia,
911 2392 967 2455 pro
988 2375 1095 2436 mittio.
1117 2373 1195 2437 vra
1215 2390 1359 2458 pascus!

182 2472 238 2537 VI.
279 2473 355 2534 Tum
375 2475 407 2535 in
428 2470 454 2535 0
475 2476 632 2555 pergitur:
659 2479 692 2539 ct
715 2474 844 2537 Subduc.
862 2472 941 2564 ,th
968 2476 1000 2535 ct
1019 2488 1088 2535 rect
1129 2474 1209 2536 villa
1234 2472 1359 2535 Subduc.

177 2571 358 2652 Corruptunr
379 2569 423 2635 111
445 2574 475 2633 in
496 2574 558 2654 vl,
587 2578 620 2638 ut
641 2593 732 2654 supra
751 2573 887 2636 XXXVI
908 2575 938 2634 in
958 2572 1103 2634 XXXIII.
1145 2574 1260 2636 Postea
1288 2588 1360 2634 vero

177 2688 218 2732 ex
238 2689 360 2733 numero
381 2671 427 2734 Vl
448 2673 558 2735 factum
578 2674 757 2737 vocabulum
778 2677 821 2753 ci,
843 2675 934 2757 idque
956 2691 1060 2734 rursus
1081 2674 1200 2735 transiit
1221 2672 1251 2733 ln
1273 2670 1361 2735 uilla.

177 2768 251 2834 Scir.
277 2768 334 2852 (ΙΙ.
356 2768 393 2853 6)
424 2773 569 2849 contgttz
593 2774 652 2835 itta
671 2773 799 2836 Subduc.
842 2772 911 2849 Ego
938 2790 1013 2833 vero
1043 2790 1108 2833 oum
1138 2770 1306 2852 0psopoco
1334 2770 1364 2831 ct

174 2868 334 2933 Scriverio
357 2871 470 2937 malint
490 2876 545 2935 uta
564 2871 704 2952 Sublac,
727 2877 760 2935 ut
780 2872 914 2954 loquitur
934 2871 1094 2933 Frontinus
1108 2870 1190 2952 nrt..
1202 2874 1240 2932 14
1257 2873 1289 2934 ct
1306 2874 1362 2949 153

177 2966 253 3031 licet
271 2967 332 3030 boc
352 2989 472 3053 quoquc
493 2990 552 3035 non
573 2974 615 3034 sit
636 2973 753 3033 omnino
775 2971 988 3034 necessarium.

217 3075 318 3131 cutem
338 3066 433 3152 quae]
457 3070 635 3133 contrahunt
654 3070 686 3133 V
706 3074 738 3133 et
759 3070 828 3133 edd.
849 3071 880 3131 in
901 3076 1003 3154 atquc.

217 3165 263 3229 ud
281 3168 359 3229 mitt.
380 3166 548 3251 XXXVI]
569 3190 601 3232 r.
621 3168 749 3233 Annott.

218 3270 304 3360 mbo
320 3272 453 3351 spatium
472 3301 513 3312 -—
531 3270 699 3353 percirtdt)
741 3289 773 3333 v.
793 3269 920 3334 Annott.

217 3352 330 3459 Q
371 3368 451 3430 Bet
471 3367 511 3429 al.
533 3386 603 3434 rect
625 3353 702 3432 LX.

218 3464 512 3561 ΙΗΟΟΧΙΝΠ)
560 3466 624 3532 VJ
646 3473 679 3533 et
698 3484 769 3536 rect
790 3501 832 3516 -
853 3468 1025 3535 cccxvi!
1048 3461 1125 3547 (LX
1144 3490 1201 3552 pro
1219 3468 1306 3554 XL).

224 3561 546 3647 Vltocccnxffl)
581 3567 612 3630 V
633 3572 664 3631 et
684 3568 760 3630 edd:
780 3601 823 3613 ’-
845 3568 1012 3635 CCCCXL
1037 3569 1115 3648 (XL
1135 3589 1190 3654 pro
1216 3569 1307 3654 LX).

50 3742 64 3769 ς
221 3682 262 3727 ec
282 3681 332 3726 ec.
353 3664 457 3746 lcap.)
499 3686 551 3747 ec,
572 3667 710 3732 inlibris
732 3657 893 3750 omissum,
922 3672 1007 3733 rcctc
1033 3674 1167 3735 restituit
1186 3670 1255 3735 Pol.
1277 3692 1310 3736 r.
1330 3672 1368 3737 ad

179 3759 249 3825 Art.
271 3767 301 3825 6.

218 3862 267 3945 pl.
289 3862 370 3926 locis
391 3882 461 3946 cup.
480 3873 573 3947 purte
592 3867 678 3948 cat.)
705 3868 781 3932 Post
808 3868 875 3932 Pol.
903 3887 943 3932 ex
970 3870 998 3934 U
1022 3870 1182 3948 vulgatur:
1211 3862 1260 3954 pl.
1289 3870 1369 3935 lactc

179 3980 239 4043 per
265 3961 305 4026 P.
333 3962 375 4025 It.
401 3964 528 4042 callm5
562 3968 803 4047 interpretatum:
838 3990 925 4052 „per
950 3971 1061 4053 popula·
1086 3970 1218 4033 Itomcnt
1244 3970 1370 4050 callen

181 4061 263 4144 quod
291 4079 369 4142 opus
398 4064 436 4125 ad
463 4065 657 4128 traiiciendas
685 4068 784 4130 valles
810 4071 988 4150 praesertim
1023 4070 1280 4150 comparabatur.“
1325 4070 1367 4137 Gt

178 4160 228 4243 pl.
255 4161 336 4223 locis
356 4161 396 4226 P.
418 4163 459 4226 It.
481 4165 588 4227 vultis.
631 4166 678 4232 V:
698 4168 746 4250 pl.
769 4170 849 4233 locis
869 4190 928 4254 pro
953 4153 988 4254 p'.
1011 4179 1044 4231 et
1069 4169 1101 4231 d.
1125 4170 1239 4232 calles.
1282 4170 1368 4235 Edu:

178 4259 227 4342 pt.
249 4260 329 4323 locis
346 4265 481 4344 privatis
502 4271 535 4327 et
549 4266 685 4348 publicis
706 4276 739 4330 et
751 4270 797 4332 D.
817 4271 925 4333 callio.
948 4270 1021 4334 Sch.
1041 4270 1225 4335 emendavit:
1244 4271 1294 4353 pl.
1317 4272 1369 4334 lo-

181 4362 230 4428 co
248 4366 410 4446 asperiore
427 4372 520 4446 parte
539 4365 647 4432 callio.
670 4366 780 4435 Recte.
815 4368 884 4436 Λή.
914 4374 969 4435 15:
1001 4390 1096 4455 opere
1120 4378 1249 4437 arcuato
1270 4391 1368 4455 cupe-
