2888 4710
77 222 152 301 196
497 222 933 303 ΑΝΝΟἸἏἸῚΟΝΕδ.

77 460 174 521 tinere
204 458 338 538 videtum
371 459 416 522 rei
442 460 539 536 magis
566 459 788 522 accommodata
815 467 863 524 est
888 461 1095 538 interpretatio
1125 457 1250 522 Polenlt
1282 477 1339 538 ,no

76 575 157 637 uelle
180 575 353 638 describere
376 576 521 656 maiores,
545 594 628 658 qnam
650 593 757 655 reapse
780 575 855 654 sint,
877 591 1029 636 mensuras
1050 575 1226 655 quantitatis
1247 573 1341 636 suae.“

78 691 327 779 Quemadmodum
349 692 426 753 enim
447 709 504 753 nos
525 693 690 770 pictorem,
720 693 771 774 qut
791 691 919 753 nativam
940 690 1065 752 alicuius
1086 692 1131 751 rei
1147 688 1259 751 'faciem
1279 690 1344 751 ultra

75 809 208 870 naturam
230 806 350 870 extollit
371 811 403 869 et
422 808 576 887 pingendo
598 807 697 870 reddit
716 805 915 886 pulchriorem
937 809 968 868 et
989 791 1255 885 excellentiorem,
1280 805 1344 866 ima-

75 923 143 1000 gini
165 940 237 983 suae
258 921 386 983 blandiri
410 921 525 1003 („dem
546 922 633 985 Bilde
655 917 907 1001 schmeiebeln“)
930 921 1071 998 dicimus3
1093 923 1137 983 ita
1157 922 1239 1001 apud
1258 921 1345 984 Fron-

77 1039 202 1117 tinum,
219 1038 268 1120 qui
296 1038 520 1120 acquisitionum
548 1056 700 1101 mensuras
729 1056 819 1116 supra
843 1039 1002 1099 ueritatem
1029 1038 1181 1125 adauget,
1210 1039 1345 1099 mensuris

76 1153 237 1216 blanditur.
280 1153 394 1214 Eodem
415 1159 504 1235 pacto
525 1154 652 1216 blandiri
674 1153 817 1232 dicimus,
844 1153 1021 1247 qul„quod
1040 1150 1145 1212 malum
1167 1154 1236 1232 est,
1263 1151 1346 1213 dissi-

78 1268 187 1330 mulare
217 1273 249 1333 et
278 1269 425 1346 obtegere
454 1270 575 1348 studet3
607 1289 639 1332 v.
660 1288 695 1347 g.
716 1269 801 1331 vitiis
822 1270 887 1330 suis
908 1267 1073 1346 blanditor,
1102 1269 1153 1349 qui
1175 1285 1213 1329 ca
1234 1270 1346 1329 excusat

77 1388 128 1447 aut
154 1387 295 1448 attenuat
326 1405 359 1446 v.
392 1385 531 1466 Spiegel.
563 1385 585 1449 l.
612 1404 641 1448 c.
662 1416 702 1431 -
743 1383 792 1446 De
820 1387 1052 1468 acquisitionum
1076 1387 1235 1449 mensuris.
1261 1401 1291 1446 r.
1315 1383 1346 1443 ad

71 1499 145 1565 nrt
168 1504 218 1564 aa.

156 1617 235 1681 adeo
257 1619 409 1690 Curtium)
440 1619 556 1696 lunge:
584 1617 661 1680 adeo
688 1615 844 1696 sulficere,
872 1619 915 1678 ut.
958 1615 1006 1678 lie
1028 1617 1146 1676 nomine
1168 1613 1299 1678 Cumulo
1320 1633 1345 1678 r.

75 1733 114 1794 ad
133 1731 204 1797 Art.
223 1738 271 1796 14.

156 1848 230 1913 Nee
257 1867 292 1910 eo
319 1850 457 1931 inficiae,
487 1853 557 1933 quia
577 1883 617 1896 ›-
639 1857 720 1925 ooa)
749 1851 795 1912 lin
815 1847 937 1911 alterum
960 1851 991 1910 et
1012 1848 1161 1930 antiquius
1184 1846 1343 1926 exemplum

74 1962 176 2026 'Caelii
196 1964 295 2043 lipist.
315 1969 352 2026 14
373 1966 412 2027 ad
427 1964 621 2029 Ciceronem:
643 1966 728 2029 lltad
748 1974 778 2028 te
797 1984 856 2028 aon
877 1964 1010 2026 arbitror
1024 1965 1149 2044 sapere,
1173 1967 1245 2046 qaia
1260 1962 1345 2024 lomi·

75 2098 131 2142 oea
150 2111 192 2124 -
214 2077 344 2141 debeant
371 2083 429 2143 etc.
471 2081 604 2142 Tertium
626 2082 801 2170 Quintilian.
826 2085 876 2159 12,
899 2082 929 2159 i,
952 2083 989 2143 S:
1017 2077 1100 2143 Nara
1128 2085 1198 2162 quio
1225 2083 1345 2159 iqaoroq

76 2189 232 2277 quiam?
273 2196 324 2257 ubi
352 2198 417 2259 sine
446 2196 594 2277 exemplis
622 2199 731 2259 frustra
756 2196 894 2258 laborant
922 2192 1026 2275 Spald.
1050 2199 1080 2256 et
1100 2196 1214 2258 Bnttm.
1236 2195 1345 2257 'l'erent

75 2309 195 2375 Pborm.
215 2315 247 2388 5,
268 2314 298 2388 9,
321 2314 370 2374 26.
393 2313 419 2373 si
440 2312 583 2374 l'aernum
605 2316 637 2376 et
657 2312 756 2376 Bentl.
779 2313 939 2394 sequimur.
971 2311 1081 2372 Verum
1104 2312 1163 2373 ista
1185 2312 1346 2388 interroga·

68 2426 120 2487 -tlo
143 2430 214 2488 esta
243 2424 299 2489 Set
318 2447 356 2490 eo
377 2432 447 2510 quio
471 2426 515 2510 [i.
537 2448 589 2490 cur
609 2424 686 2509 non)
709 2433 752 2490 sit
770 2420 981 2509 iqooeeeoda?
1007 2427 1057 2486 ubi
1079 2425 1153 2488 nibil
1176 2429 1226 2488 est
1247 2427 1346 2488 rectius

77 2542 228 2604 conlunot.
249 2543 349 2604 modo.
391 2543 425 2606 ln
447 2544 510 2607 illis
533 2546 626 2607 tribus
649 2544 798 2624 exemplis
819 2547 889 2628 'qnia
908 2541 993 2604 valet
1015 2543 1120 2624 „quod
1140 2541 1247 2622 non“,
1273 2539 1348 2603 adll-

75 2659 195 2740 tumque
218 2662 267 2720 est
287 2658 409 2721 alterum
431 2680 506 2736 ooo,
528 2661 653 2741 perinde
674 2663 707 2721 ut
728 2658 845 2722 Graeci.
887 2656 991 2733 Bergl.
1014 2659 1049 2717 ad
1071 2657 1215 2738 Aleipbr.
1237 2677 1269 2738 p.
1287 2661 1347 2719 215.

74 2771 186 2834 Ruttm.
209 2774 245 2835 ad
266 2773 388 2836 Midian.
408 2776 535 2841 Excurs.
553 2774 610 2840 Xl.
638 2774 763 2840 Sebaet
784 2773 867 2855 App.
889 2775 978 2836 Doro.
995 2771 1049 2835 lv.
1071 2793 1102 2853 p.
1122 2778 1190 2837 164.
1217 2771 1347 2834 HlllNlt

160 2894 321 2970 capiuntur
346 2895 421 2952 enim
455 2911 493 2952 ea
512 2893 609 2972 Aaq.)
639 2891 712 2956 Scir.
742 2891 887 2970 „geiasst
913 2887 1040 2950 nimlielr
1066 2889 1190 2952 werden
1218 2890 1264 2951 sie
1293 2885 1349 2972 (illl

75 3003 194 3079 fontes)
212 3024 265 3066 aus
283 3007 336 3067 der
351 3006 527 3084 Angusta“.
550 3007 634 3094 Quae
650 3007 856 3087 interpretatio
874 3007 1050 3068 adversatur
1065 3005 1123 3084 iis,
1145 3023 1223 3087 quae
1240 3006 1307 3068 Art
1319 3007 1349 3072 14

77 3120 242 3182 traduntur.
274 3119 378 3184 Debet
399 3126 562 3205 raptamur
582 3123 688 3186 referri
710 3124 747 3185 ad
768 3125 934 3206 superpiae.
1296 3113 1297 3117 ¹

693 3323 744 3384 13.

163 3467 245 3529 Anao
264 3467 377 3533 babere
395 3505 437 3516 υ·
454 3467 646 3555 ponebatur)
674 3466 1029 3532 Nota'constructionem
1051 3468 1253 3549 personalem.

166 3601 291 3666 quornm
311 3591 454 3670 aequieit.
475 3607 522 3650 me
542 3606 602 3649 noa
622 3587 715 3650 acide
735 3582 899 3667 amplecti)
919 3585 1054 3665 Respice
1074 3583 1145 3648 Art.
1159 3588 1217 3648 12:
1240 3604 1287 3647 me
1304 3602 1357 3647 oo-

75 3702 276 3782 qrrisitiooum
301 3706 448 3766 mensuris
473 3703 623 3782 blandiri,
652 3704 674 3766 l.
696 3721 724 3768 e.
753 3719 800 3764 nne
828 3700 956 3766 blandiri
981 3703 1128 3765 mensuris
1154 3702 1359 3782 acquisitarum

43 3804 46 3808 ’
86 3834 143 3883 seo
164 3814 356 3879 collectarum
375 3819 414 3881 ad
434 3821 523 3901 caput
544 3838 693 3900 aquarum.
735 3818 865 3881 llande'rn
887 3817 1063 3882 sententiam
1084 3817 1212 3880 reddere
1234 3815 1286 3878 bic
1305 3833 1359 3878 vo·

87 3928 144 3993 luit
169 3930 347 4012 Frontinus,
374 3932 469 3997 banc:
496 3953 543 3996 me
569 3935 797 4016 acquisitionum
820 3934 966 3998 mensuris
985 3951 1047 3997 uon
1067 3931 1206 3997 voluisse
1227 3931 1361 3996 blandiri.

89 4045 152 4111 Sed
172 4046 303 4108 reddidit
323 4048 412 4126 paulo
435 4048 502 4111 aliis
522 4051 643 4130 verbis,
665 4069 741 4134 quac
763 4051 808 4112 sic
830 4049 1010 4130 explicando
1029 4026 1118 4113 sunt:
1144 4047 1304 4114 collectam
1325 4047 1363 4110 il·

89 4161 146 4223 lam
167 4162 362 4246 quinariarum
384 4167 464 4226 4128
486 4167 600 4244 copiam
621 4184 668 4227 mc
689 4166 755 4228 sine
777 4168 821 4228 ira
843 4169 874 4229 et
895 4167 994 4230 studio
1016 4162 1291 4245 comprehendere,
1322 4176 1365 4225 loe

90 4292 150 4341 non
176 4276 306 4339 libenter
326 4277 452 4362 dataque
475 4297 566 4361 opera
586 4280 839 4362 comprehendere
860 4283 1010 4344 maiorem.
1051 4280 1128 4343 Noa
1148 4278 1263 4359 acide,
1288 4276 1367 4342 nicbt

90 4411 145 4454 aus
165 4390 396 4476 Leidensehait,
417 4395 501 4460 nIcht
521 4415 575 4458 aus
594 4397 704 4478 irgend
725 4399 819 4475 einero
841 4400 983 4461 dominon
1004 4395 1134 4460 dictiue.
