2888 4710
68 184 142 259 132

500 178 908 267 FRON'HNUS

166 421 296 516 perit,
332 418 514 497 lornnda
540 418 834 518 rumpenduvr
860 420 1105 513 curaverit,
1138 419 1335 517 peioraue

166 536 339 628 t‘ererit,
376 560 457 631 quo
483 542 623 609 minus
649 558 726 608 ene
751 560 892 633 aquae
917 559 1123 609 eorumve
1150 560 1337 635 quaeque

164 655 204 722 in
229 652 374 725 urlrem
395 651 570 727 Romam
597 657 679 747 ire,
707 649 883 745 endere,
912 651 1072 743 fluore,
1093 652 1337 749 pervenire,

205 949 273 1012 us
295 947 428 1032 centurn)
449 951 480 1014 V
500 955 533 1014 et
554 951 623 1014 edd.
645 971 702 1013 orn.
724 951 802 1014 118.

203 1054 393 1122 terminatur)
421 1049 451 1113 V
467 1051 491 1113 F
506 1048 553 1113 0:
574 1059 606 1113 et
625 1058 708 1115 term.
739 1048 789 1115 Gi.
810 1051 941 1115 Annott.

205 1153 345 1223 steterit)
368 1149 484 1229 0psop.
507 1151 651 1230 proponit
669 1154 817 1231 cepeerr‘t,
839 1150 995 1212 damnante
1016 1145 1083 1214 Pol.

203 1267 242 1310 re
263 1252 331 1331 quie
347 1282 385 1293 ·-
402 1256 498 1324 aere)
527 1250 580 1313 Sic
602 1249 676 1311 Solu.
698 1254 730 1312 et
750 1248 856 1313 Helnr.
898 1248 979 1311 Libri
1001 1269 1098 1333 neque
1118 1255 1203 1333 quie,
1230 1258 1341 1335 preetcr

161 1348 183 1408 l'
206 1348 232 1410 0
264 1352 295 1409 et
322 1349 369 1411 cd.
391 1368 437 1427 pr.
467 1351 497 1410 in
523 1349 632 1431 quihus
656 1368 764 1430 oeque.
807 1349 937 1410 Eaedem
960 1350 1029 1412 edd.
1050 1351 1130 1412 inire
1150 1355 1284 1417 oerum
1308 1374 1341 1417 ue

162 1451 192 1507 r'u
214 1468 288 1508 eum.
331 1445 415 1509 Unde
442 1445 560 1528 0psop.
583 1447 730 1526 corrigit:
758 1448 810 1511 oet
833 1453 901 1530 quie
921 1480 962 1493 —-
983 1453 1116 1524 eeritoe,
1144 1450 1198 1513 uel
1223 1454 1255 1515 iu
1273 1474 1340 1517 euru

160 1554 194 1609 ut
221 1547 271 1629 qul
299 1547 385 1609 aliurn
413 1547 507 1610 totius
535 1549 653 1627 periodi
683 1550 936 1609 constructionem
963 1548 1187 1628 introduxerit,
1217 1551 1341 1615 rctlucos

163 1646 372 1725 deprehensos
398 1650 427 1708 in
455 1647 504 1719 od,
526 1666 582 1708 suc
608 1647 789 1709 indicativos
810 1653 951 1729 opponit,
979 1648 1080 1723 molit,
1109 1647 1249 1732 obrepit,
1272 1651 1340 1734 qlqit,

160 1749 285 1823 statuit,
306 1750 408 1827 pouit,
431 1747 583 1822 collocat,
604 1754 693 1823 arat,
714 1748 791 1807 uerit
811 1778 849 1789 —-
872 1750 1011 1809 immittit.
1055 1748 1095 1809 Et
1114 1750 1338 1828 protecto'on-

160 1864 215 1906 nos
241 1844 309 1906 librl
336 1848 440 1925 scripti
468 1846 601 1927 editique
627 1845 657 1907 in
683 1843 732 1905 lris
754 1844 928 1906 indicatiris
950 1848 1166 1926 corruentiunt3
1196 1868 1277 1932 quos
1296 1853 1336 1913 ln-

161 1947 260 2004 tuctos
282 1944 448 2025 reliquere,
474 1947 553 2026 quod
576 1944 710 2021 mireris,
738 1944 826 2005 etiarn
849 1945 908 2022 ipsi
932 1945 1066 2006 editores
1088 1966 1216 2027 ornnes,
1244 1968 1336 2033 quan.

160 2044 210 2103 ris
232 2044 260 2104 in
283 2045 422 2121 praeced.
444 2043 585 2122 legentes
606 2063 644 2104 ue
660 2047 728 2126 quio
742 2074 784 2086 —-
798 2062 891 2121 neue,
913 2062 1007 2126 usque
1029 2047 1067 2107 nd
1086 2043 1162 2107 Sclu.
1179 2052 1214 2109 ct
1228 2048 1336 2129 licien,

159 2144 208 2223 qui
236 2142 322 2222 print
350 2143 580 2206 adversantibus
607 2141 693 2204 lihris
719 2145 804 2205 recte
830 2146 927 2205 tanuen
953 2161 1119 2224 reposuere
1148 2145 1336 2231 imperatione

159 2245 304 2324 opponite
327 2246 386 2304 otc.

199 2345 230 2402 r'a
251 2361 286 2403 en
309 2341 389 2412 loc.)
418 2342 496 2403 Vct
512 2342 581 2402 cdd.
606 2360 663 2401 orn.
685 2345 728 2404 iu.

199 2442 319 2513 molito)
346 2440 440 2502 Solus
463 2439 509 2505 Ur
531 2442 662 2503 molitur.
691 2460 751 2523 quo
774 2442 849 2504 duce
872 2442 945 2503 Solu.
969 2447 1001 2505 ot
1022 2441 1127 2504 lleinr.
1152 2443 1261 2523 legent
1279 2464 1336 2509 uo-

159 2539 237 2602 liter.
258 2542 295 2601 'v.
317 2540 444 2601 Annott.

199 2644 230 2701 ta
251 2646 331 2713 eum)
362 2640 411 2700 Ex
438 2639 457 2700 J
479 2642 510 2701 et
531 2656 593 2701 roc.
621 2639 687 2702 Pol.
713 2642 829 2721 recepit
856 2645 886 2703 ia
908 2659 972 2702 erum
994 2642 1114 2718 locum
1143 2643 1219 2706 Solu.
1241 2662 1337 2707 rursus

159 2741 251 2802 eiecit
272 2739 514 2801 additamentum.
558 2738 676 2819 Supra:
699 2743 730 2800 iu
751 2760 787 2802 eo
810 2741 890 2804 mco.

200 2859 302 2903 eorum
321 2841 407 2918 sac.)
431 2836 535 2900 Godd:
558 2857 659 2900 aarum
678 2839 890 2919 faciendarum
911 2842 1163 2922 reponendarum.

200 2958 313 3013 eausa,
336 2943 428 3020 quae)
453 2936 478 2999 C
496 2936 540 2999 U:
564 2958 679 3013 causa,
699 2949 912 3022 praeterquam
932 2961 1010 3022 quae
1031 2942 1120 3015 (sic).
1164 2942 1235 3007 Pol.
1248 2941 1339 3023 legitt

158 3050 372 3122 praeterquam
390 3036 471 3120 quod
494 3040 543 3107 (ut
560 3038 625 3099 vult
641 3039 756 3099 vidisse
774 3039 802 3099 in
820 3038 846 3101 C
863 3039 922 3113 U).
952 3039 1032 3104 Solu:
1052 3051 1240 3125 praeterque
1254 3042 1339 3127 quod·

157 3140 254 3201 Etiam
277 3137 380 3198 Heinr.
399 3136 486 3199 vult:
506 3147 718 3219 praeterquam
740 3138 839 3221 quod,
861 3140 916 3200 sed
938 3138 989 3199 illa
1007 3151 1225 3223 praeterquam
1244 3162 1340 3205 eorum

157 3242 223 3319 sae.
253 3258 319 3319 rep.
349 3256 444 3297 cauca
473 3238 575 3315 spuria
603 3255 671 3297 csse
701 3242 732 3299 ct
758 3238 1014 3317 interpretationis
1042 3257 1134 3300 ceusu
1156 3241 1187 3302 ln
1208 3243 1341 3321 margine

158 3341 274 3401 adlecta
296 3338 441 3398 iudicans.
484 3336 513 3398 V
530 3339 561 3397 et
578 3337 657 3399 edd:
677 3346 888 3420 praeterquam
911 3338 1038 3420 quidem.
1076 3337 1195 3418 0psop.
1218 3342 1343 3424 doniquu

159 3437 357 3516 reponendum
382 3454 453 3496 esse
475 3435 619 3498 affirmat:
641 3456 755 3513 causa,
777 3456 856 3518 quae
878 3438 1006 3519 quidem.
1030 3456 1114 3519 quent
1138 3455 1201 3517 ego
1223 3446 1344 3503 secutus

139 3556 240 3612 ,sunu
270 3535 388 3597 nlrioclo
418 3535 546 3617 quidem
584 3535 720 3597 Alterum
741 3547 954 3619 praeterquam
976 3556 993 3597 a
1015 3536 1135 3598 librario
1158 3541 1272 3602 temere
1293 3558 1343 3601 rc-

161 3637 296 3714 potitum.

202 3735 275 3795 artu.
306 3754 370 3795 aum
397 3737 527 3818 siremps
555 3738 632 3805 cto.)
678 3733 788 3796 Codd:
822 3745 855 3796 et
880 3735 952 3799 ado.
983 3756 1047 3797 eum
1074 3740 1104 3798 oi
1130 3758 1165 3799 re
1188 3736 1344 3818 pullicum

162 3833 176 3913 t
186 3831 231 3895 U:
267 3836 318 3915 qur'
344 3853 416 3893 rem.
437 3853 470 3915 p.
500 3836 547 3896 V:
582 3855 646 3895 eum
671 3833 776 3915 repit)
813 3854 851 3895 ea
879 3838 963 3896 irrssu
992 3855 1156 3918 causaque.
1193 3835 1281 3899 llud:
1317 3848 1347 3900 et

162 3934 236 3994 arlo.
258 3953 296 3994 ea
314 3936 461 4013 repectit,
483 3953 522 3993 eu
539 3939 626 3996 iussu
648 3953 735 3994 cauo.
764 3934 925 4016 Postquam
942 3934 1083 4012 Scaliger
1095 3936 1132 3995 ad
1148 3935 1233 3998 Fost.
1244 3955 1276 4016 p.
1288 3942 1345 3999 lou

164 4032 315 4111 desperati
342 4031 402 4092 loci
425 4032 564 4093 tcncbrns
586 4033 718 4093 feliciter
739 4031 864 4111 dispulit
884 4034 1020 4114 viamque
1042 4034 1079 4095 ad
1100 4035 1197 4096 lucem
1215 4018 1347 4100 'munivit

165 4132 346 4206 corrigendo
374 4134 520 4211 airerapce
548 4132 599 4192 lea
626 4136 674 4193 ius
702 4152 807 4211 caue,
836 4133 896 4193 uiri
924 4134 1005 4193 docti
1036 4132 1177 4214 tOpsop.
1209 4135 1346 4200 Scriver.

165 4228 320 4293 Korrelren.
350 4230 509 4291 l'orcrllin.
538 4250 569 4293 u.
591 4235 734 4312 siremps,
762 4231 831 4291 Pol.
854 4231 927 4292 seh.
951 4233 1072 4304 lleinr.)
1095 4235 1230 4295 certatim
1252 4239 1346 4297 rosti-

166 4337 284 4393 tuorrt·
299 4339 328 4390 et
356 4330 428 4392 ade
458 4350 522 4391 eum
549 4333 676 4410 siremps
702 4330 769 4408 lea,
800 4335 848 4393 ius
876 4344 978 4395 caue:
1012 4332 1041 4392 in
1071 4332 1179 4413 quihus
1205 4335 1345 4397 Brisson.
