2888 4710
71 173 168 261 rue,
492 168 936 252 Annornnionns

77 407 154 471 bane
184 426 246 470 ren
275 427 362 490 quum
391 408 550 472 Frontinus
577 411 750 490 attigisset,
784 409 926 470 suiiieere
954 406 982 467 ei
1009 405 1085 467 baeu
1114 404 1351 467 commemoratio

76 523 252 603 videbatur,
274 540 372 604 neque
388 529 472 603 emt,
493 525 573 606 qnod
593 526 719 604 amptius
740 526 874 602 exiguae
896 520 977 583 ibim
996 539 1092 603 equae
1113 519 1254 582 iniiceret
1274 538 1348 581 ruen-

75 640 198 702 tionem.
385 707 386 711 ,

159 757 204 814 itu
232 754 366 831 demum)
404 774 460 819 nur
486 761 550 821 ersi
578 757 667 818 donn.
708 752 828 835 urpnn.
853 753 929 829 liig.
958 750 1027 812 1.1.
1056 752 1095 812 du
1122 753 1241 831 quaest.
1285 749 1351 826 „At

78 871 223 929 tormenta
250 888 405 934 servorum
431 876 477 935 itu
496 874 610 935 demum
631 871 726 933 ueniri
749 873 888 949 oportet,
917 887 983 930 usur
1004 869 1166 945 suspectus
1187 869 1237 927 est
1257 863 1350 925 ruruu‘4

77 981 201 1060 Ignorat
221 982 296 1047 bueo
318 986 427 1049 Huniii
448 987 638 1051 'liurseilinus
657 985 729 1050 Vni.
745 984 786 1047 11.
806 1004 837 1064 p.
854 989 925 1046 255.
957 981 1097 1045 HElNR.

160 1102 389 1184 nuncuparet]
417 1106 438 1167 i.
460 1123 490 1167 e.
516 1122 575 1166 non
600 1103 768 1182 reciperet,
795 1101 977 1163 admitteret.
996 1094 1151 1178 iBrisson.
1176 1106 1211 1158 u.
1238 1114 1353 1178 unere,

78 1231 108 1274 n.
129 1217 160 1276 A.
203 1215 257 1279 Sic
279 1216 330 1281 Gr.
349 1225 483 1301 χωρεῖν.
524 1217 662 1281 inbibit.

694 1421 742 1478 15.

161 1565 193 1623 iu
218 1581 275 1626 uuo
300 1567 391 1637 rino)
423 1565 474 1628 An
501 1572 532 1630 in
559 1586 644 1630 uuum
672 1559 794 1627 riuturni
821 1583 852 1627 v.
877 1559 947 1626 Art.
970 1565 1010 1624 ns
1032 1565 1063 1623 et
1083 1565 1105 1622 8
1125 1558 1176 1622 bn.
1216 1558 1299 1623 lietu
1317 1563 1351 1621 in.

79 1674 217 1741 blumii.
260 1679 295 1743 bu
323 1699 378 1742 uuo
406 1685 473 1744 rivo
499 1683 612 1760 tegitur
638 1682 666 1742 in
694 1681 711 1742 J
740 1683 772 1742 et
792 1696 854 1740 ree.
881 1678 1054 1759 ediditque,
1082 1677 1196 1756 spretis
1223 1676 1353 1737 oudinum

79 1793 244 1871 vestigiis,
274 1792 360 1873 Pub,
389 1815 475 1877 quem
496 1798 684 1877 posteriores
706 1797 804 1857 secuti
826 1797 905 1855 sunt.
949 1793 1041 1879 Quum
1063 1791 1248 1869 lectionem,
1276 1808 1354 1872 quun

79 1904 213 1967 intinitns
235 1909 510 1989 interpretationem
533 1914 676 1991 „proprie
699 1911 787 1972 ῐὶνοιι
809 1928 866 1971 non
889 1910 982 1987 ierut,
1004 1925 1063 1969 non
1085 1905 1246 1984 intelligo,
1270 1910 1353 1967 ortum

79 2021 237 2085 manifesto
260 2042 300 2086 ex
322 2027 503 2106 corruptele.
535 2025 827 2115 Andinnrusiibros.
870 2022 914 2086 C:
937 2026 967 2084 iu
988 2021 1143 2084 mbruiuu.
1185 2017 1230 2083 U:
1253 2025 1287 2083 iu
1306 2020 1355 2083 mi

79 2138 191 2199 rivino.
223 2139 270 2202 V:
292 2143 323 2201 in
343 2140 477 2207 uubrinu.
508 2142 549 2204 F:
571 2141 643 2203 inde
663 2140 719 2203 sub
740 2145 819 2202 rivo.
851 2137 966 2200 Litterui
988 2137 1006 2198 b
1026 2135 1136 2197 mutati
1156 2136 1187 2196 in
1209 2154 1247 2212 o,
1269 2135 1355 2199 lectio

80 2251 208 2331 prodiit,
231 2256 319 2316 modo
342 2257 473 2318 exedit.
496 2257 662 2337 proposita.
705 2254 778 2318 Sub.
801 2255 892 2318 taeite
913 2254 1068 2332 reposuit:
1091 2255 1122 2313 in
1142 2249 1356 2315 subintrnn.
1396 2304 1399 2313 .

81 2365 165 2452 Quae
187 2375 355 2448 ennupurntn
375 2373 495 2434 uidetur
516 2347 682 2434 emendatio
705 2391 745 2433 ex
768 2369 928 2430 collatione
951 2368 1011 2429 ioci
1032 2367 1148 2430 Liuiani
1172 2363 1358 2449 (vrinae),

82 2499 141 2562 (pne
162 2482 336 2548 imbrinium
357 2487 484 2565 legebat
503 2489 550 2549 vir
568 2490 694 2565 doetus,
715 2482 954 2548 Drakenborcbii
977 2480 1150 2562 postbnbitu
1169 2483 1359 2563 suetonum,

80 2596 130 2676 qui
159 2598 196 2659 nd
224 2598 363 2663 libroruin
390 2603 477 2664 iidem
505 2604 599 2666 edidit
623 2603 814 2678 Imbrinium,-
842 2605 874 2661 et
899 2597 959 2659 luei
984 2598 1114 2659 Tueitini
1141 2595 1222 2660 Amr.
1243 2596 1302 2660 xl.
1325 2603 1361 2663 lt

79 2711 268 2801 (Fennosque
296 2736 459 2800 uquarum,
492 2719 531 2781 ub
559 2719 740 2781 Simbmeinie
769 2715 900 2778 uultibus
928 2712 1095 2788 deduntur,
1125 2711 1193 2774 urbi
1220 2713 1360 2792 intubi),

80 2827 131 2888 ubi
161 2828 229 2891 iibri
255 2833 368 2894 vetusti
388 2833 610 2896 Subimbruiniu
629 2833 796 2894 exhibent:
826 2849 947 2914 «purorum
969 2830 1101 2890 loentum
1125 2827 1201 2889 ulter
1221 2826 1282 2891 buu
1303 2849 1359 2893 non

79 2946 230 3024 pertinet,
252 2952 413 3027 proptereu
434 2949 531 3030 quod,
554 2948 670 3010 Orteiio
692 2948 789 3009 Tben.
811 2949 926 3024 Geogr.
948 2952 980 3008 et
1001 2944 1144 3008 Cluverio
1166 2943 1235 3005 imi.
1254 2946 1360 3028 Antip.

9 3093 12 3101 ,
80 3057 120 3119 11.
134 3065 173 3121 re
192 3062 422 3141 uiiirmuntibus,
445 3064 524 3125 Livii
545 3064 718 3126 imbriuinuu
740 3063 832 3141 iunge
854 3067 901 3123 est
922 3080 940 3120 u
960 3060 1060 3121 'l'uuiti
1082 3060 1235 3120 mentione
1257 3062 1360 3123 diuer-

80 3193 160 3253 sum,
190 3181 295 3257 utpote
324 3179 355 3238 in
381 3179 512 3241 Samniis
537 3180 645 3258 situm,
674 3198 739 3241 euin
767 3179 865 3243 cullen
885 3175 1049 3239 Simbruini
1074 3175 1135 3237 sint
1160 3175 1189 3236 in
1212 3175 1301 3238 butio
1322 3179 1360 3239 mi

78 3289 226 3352 Anienem
256 3295 319 3363 (oi.
342 3290 453 3356 Oellur.
475 3293 591 3373 Geogr.
613 3294 652 3356 11.
674 3300 706 3355 u.
727 3314 759 3374 p.
774 3296 879 3372 itti),
915 3292 1014 3354 'inuiti
1042 3295 1138 3352 nutem
1168 3289 1237 3351 ineu
1269 3290 1359 3353 leutio

78 3404 257 3469 Sirubruiuis
284 3415 367 3472 reete
389 3429 424 3472 se
445 3408 556 3473 bebere
577 3410 713 3489 uidetur,
741 3431 828 3492 quum
850 3408 926 3470 ulter
946 3413 1049 3470 exstet
1071 3408 1203 3469 eiusdem
1225 3409 1360 3486 seriptu-

78 3519 121 3579 ris
143 3519 228 3581 inens
248 3523 329 3588 Ann.
345 3523 433 3588 xlv.
449 3530 490 3587 22
511 3524 615 3609 (apud
628 3524 801 3588 Simbruina
816 3533 947 3604 stuprum,
969 3528 1020 3587 eui
1035 3522 1238 3604 Sublaqueum
1256 3544 1361 3585 nonusn

78 3640 164 3710 eet),
194 3636 244 3696 ubi
271 3638 419 3720 descripto
445 3640 521 3704 bueo
547 3640 640 3704 leutio
667 3645 725 3703 tum
752 3642 878 3702 omnium
900 3641 1041 3702 librorum
1063 3639 1139 3717 brie,
1168 3658 1253 3720 qnam
1277 3638 1359 3701 Celsi

78 3749 169 3815 lvo
196 3752 432 3818 Simbruinarum
451 3778 598 3843 uquarum
619 3758 787 3835 mentione,
815 3756 946 3819 inicitur.
990 3753 1144 3836 Utcunque
1166 3760 1234 3833 est,
1262 3757 1361 3817 eiecta

80 3867 204 3947 vulgatu
224 3868 356 3932 lectione
378 3873 517 3952 sordido,
545 3875 624 3936 bene
646 3872 720 3938 Sub.
743 3875 781 3934 de
802 3872 872 3934 ioeo
894 3876 999 3934 nostro
1021 3873 1145 3933 meritus
1166 3875 1225 3932 est.
1268 3871 1302 3932 ln
1328 3890 1360 3933 ru

78 3987 176 4047 autern
198 3985 287 4046 dubia
308 3991 340 4047 et
360 3987 492 4067 ineerta,
520 4008 584 4051 enni
607 3991 666 4068 ipsi
688 3988 828 4050 librorum
851 3990 880 4049 in
902 3987 1255 4089 nominum‘pruprinrum
1278 3987 1360 4048 ditii-

79 4102 190 4164 eultnte
217 4102 388 4164 auctoritati
414 4122 474 4165 non
499 4104 585 4166 nbnis
607 4107 649 4167 sit
668 4103 902 4182 indulgendum,
929 4101 1009 4166 nullu
1029 4098 1078 4163 uin
1100 4105 1196 4164 minus
1217 4102 1288 4164 mibi
1310 4103 1360 4165 lu-

79 4218 159 4278 brien
180 4217 354 4294 uidebatur,
375 4238 461 4300 quum
481 4238 539 4302 qus
561 4222 664 4299 optimi
687 4220 802 4283 eodiuis
824 4218 912 4282 cass.
936 4220 1070 4296 uestigia
1090 4220 1238 4301 sequaris.
1283 4219 1360 4280 iline

80 4336 187 4395 intertum
217 4339 281 4412 est,
315 4338 347 4396 ut
374 4334 517 4397 uniendum
545 4353 677 4399 nurerum
705 4339 735 4400 in
762 4335 932 4411 Subruino,
964 4336 1051 4397 euius
1077 4335 1194 4416 quidem
1221 4334 1359 4397 vocabuli
