<?xml version="1.0" encoding="UTF-8"?>
<!DOCTYPE html PUBLIC "-//W3C//DTD XHTML 1.0 Transitional//EN"
    "http://www.w3.org/TR/xhtml1/DTD/xhtml1-transitional.dtd">
<html xmlns="http://www.w3.org/1999/xhtml" xml:lang="en" lang="en">
 <head>
  <title>
</title>
<meta http-equiv="Content-Type" content="text/html;charset=utf-8" />
  <meta name='ocr-system' content='tesseract 3.04.00' />
  <meta name='ocr-capabilities' content='ocr_page ocr_carea ocr_par ocr_line ocrx_word'/>
</head>
<body>
  <div class='ocr_page' id='page_1' title='image "./sexjuliifrontin00dedegoog_0275.png"; bbox 0 0 2888 4710; ppageno 0'>
   <div class='ocr_carea' id='block_1_1' title="bbox 75 40 1394 329">
    <p class='ocr_par' dir='ltr' id='par_1_1' title="bbox 75 40 1394 329">
     <span class='ocr_line' id='line_1_1' title="bbox 75 40 1394 329; baseline 0.001 -70"><span class='ocrx_word' id='word_1_1' title='bbox 75 180 150 259; x_wconf 73' lang='lat' dir='ltr'><strong><em>aad</em></strong></span> <span class='ocrx_word' id='word_1_2' title='bbox 496 177 936 261; x_wconf 75' lang='lat' dir='ltr'><strong><em>anuouauuenus.</em></strong></span> <span class='ocrx_word' id='word_1_3' title='bbox 1387 40 1394 329; x_wconf 61' lang='grc'>1</span> 
     </span>
    </p>
   </div>
   <div class='ocr_carea' id='block_1_2' title="bbox 77 413 1394 1999">
    <p class='ocr_par' dir='ltr' id='par_1_2' title="bbox 77 413 1394 616">
     <span class='ocr_line' id='line_1_2' title="bbox 78 413 1348 498; baseline -0.002 -19"><span class='ocrx_word' id='word_1_4' title='bbox 78 416 214 480; x_wconf 75' lang='lat' dir='ltr'><strong><em>dicando</em></strong></span> <span class='ocrx_word' id='word_1_5' title='bbox 235 427 334 480; x_wconf 80' lang='lat' dir='ltr'><strong><em>nutem</em></strong></span> <span class='ocrx_word' id='word_1_6' title='bbox 353 436 518 480; x_wconf 71' lang='lat' dir='ltr'><strong><em>nnmeorenn</em></strong></span> <span class='ocrx_word' id='word_1_7' title='bbox 538 417 644 480; x_wconf 82' lang='lat' dir='ltr'><strong><em>donum</em></strong></span> <span class='ocrx_word' id='word_1_8' title='bbox 664 422 762 483; x_wconf 71' lang='lat' dir='ltr'><strong><em>vona</em></strong></span> <span class='ocrx_word' id='word_1_9' title='bbox 783 426 815 480; x_wconf 81' lang='lat' dir='ltr'><strong><em>ei</em></strong></span> <span class='ocrx_word' id='word_1_10' title='bbox 835 420 943 479; x_wconf 78' lang='lat' dir='ltr'><strong><em>inuium</em></strong></span> <span class='ocrx_word' id='word_1_11' title='bbox 964 433 1067 496; x_wconf 70' lang='lat' dir='ltr'><strong><em>apere,</em></strong></span> <span class='ocrx_word' id='word_1_12' title='bbox 1088 434 1185 498; x_wconf 75' lang='lat' dir='ltr'><strong><em>neque</em></strong></span> <span class='ocrx_word' id='word_1_13' title='bbox 1207 413 1277 478; x_wconf 82' lang='lat' dir='ltr'><strong><em>olla</em></strong></span> <span class='ocrx_word' id='word_1_14' title='bbox 1295 435 1348 478; x_wconf 86' lang='lat' dir='ltr'><strong><em>un·</em></strong></span> 
     </span>
     <span class='ocr_line' id='line_1_3' title="bbox 77 531 1394 616; baseline -0.003 -19"><span class='ocrx_word' id='word_1_15' title='bbox 77 534 189 597; x_wconf 80' lang='lat' dir='ltr'><strong><em>ditione</em></strong></span> <span class='ocrx_word' id='word_1_16' title='bbox 210 542 264 596; x_wconf 86' lang='lat' dir='ltr'><strong><em>out</em></strong></span> <span class='ocrx_word' id='word_1_17' title='bbox 282 533 425 595; x_wconf 80' lang='lat' dir='ltr'><strong><em>sordidas</em></strong></span> <span class='ocrx_word' id='word_1_18' title='bbox 444 537 568 611; x_wconf 62' lang='lat' dir='ltr'><strong><em>nicaen,</em></strong></span> <span class='ocrx_word' id='word_1_19' title='bbox 590 553 719 596; x_wconf 77' lang='lat' dir='ltr'><strong><em>seruare</em></strong></span> <span class='ocrx_word' id='word_1_20' title='bbox 740 538 909 616; x_wconf 75' lang='lat' dir='ltr'><strong><em>opinionem</em></strong></span> <span class='ocrx_word' id='word_1_21' title='bbox 928 535 1045 593; x_wconf 79' lang='lat' dir='ltr'><strong><em>maritis</em></strong></span> <span class='ocrx_word' id='word_1_22' title='bbox 1064 540 1095 595; x_wconf 84' lang='lat' dir='ltr'><strong><em>et</em></strong></span> <span class='ocrx_word' id='word_1_23' title='bbox 1115 531 1265 594; x_wconf 72' lang='lat' dir='ltr'><strong><em>maridas.</em></strong></span> <span class='ocrx_word' id='word_1_24' title='bbox 1392 562 1394 571; x_wconf 90' lang='grc'><strong><em>·</em></strong></span> 
     </span>
    </p>

    <p class='ocr_par' dir='ltr' id='par_1_3' title="bbox 77 646 1394 1999">
     <span class='ocr_line' id='line_1_4' title="bbox 159 646 1349 729; baseline -0.003 -18"><span class='ocrx_word' id='word_1_25' title='bbox 159 653 270 711; x_wconf 84' lang='lat' dir='ltr'><strong><em>itinero</em></strong></span> <span class='ocrx_word' id='word_1_26' title='bbox 282 693 292 726; x_wconf 91' lang='lat'><strong><em>,</em></strong></span> <span class='ocrx_word' id='word_1_27' title='bbox 318 647 426 729; x_wconf 79' lang='lat' dir='ltr'><strong><em>octus)</em></strong></span> <span class='ocrx_word' id='word_1_28' title='bbox 464 650 561 711; x_wconf 82' lang='lat' dir='ltr'><strong><em>liliam</em></strong></span> <span class='ocrx_word' id='word_1_29' title='bbox 584 648 694 714; x_wconf 87' lang='lat' dir='ltr'><strong><em>Cicero</em></strong></span> <span class='ocrx_word' id='word_1_30' title='bbox 716 649 842 713; x_wconf 80' lang='lat' dir='ltr'><strong><em>Caesia.</em></strong></span> <span class='ocrx_word' id='word_1_31' title='bbox 865 655 905 710; x_wconf 82' lang='grc'><strong><em>26</em></strong></span> <span class='ocrx_word' id='word_1_32' title='bbox 928 652 988 710; x_wconf 78' lang='lat' dir='ltr'><strong><em>iter</em></strong></span> <span class='ocrx_word' id='word_1_33' title='bbox 993 689 1005 724; x_wconf 90' lang='lat'><strong><em>,</em></strong></span> <span class='ocrx_word' id='word_1_34' title='bbox 1032 657 1124 710; x_wconf 79' lang='lat' dir='ltr'><strong><em>aetna</em></strong></span> <span class='ocrx_word' id='word_1_35' title='bbox 1153 646 1241 708; x_wconf 81' lang='lat' dir='ltr'><strong><em>iruxta</em></strong></span> <span class='ocrx_word' id='word_1_36' title='bbox 1267 647 1349 726; x_wconf 82' lang='lat' dir='ltr'><strong><em>ponit.</em></strong></span> 
     </span>
     <span class='ocr_line' id='line_1_5' title="bbox 78 763 1350 844; baseline -0.005 -16"><span class='ocrx_word' id='word_1_37' title='bbox 78 765 150 828; x_wconf 83' lang='lat' dir='ltr'><strong><em>Solu.</em></strong></span> <span class='ocrx_word' id='word_1_38' title='bbox 173 764 250 826; x_wconf 86' lang='lat' dir='ltr'><strong><em>bene</em></strong></span> <span class='ocrx_word' id='word_1_39' title='bbox 268 765 383 826; x_wconf 79' lang='lat' dir='ltr'><strong>reddit:</strong></span> <span class='ocrx_word' id='word_1_40' title='bbox 405 763 522 844; x_wconf 68' lang='lat' dir='ltr'><strong><em>„Fuss</em></strong></span> <span class='ocrx_word' id='word_1_41' title='bbox 544 766 605 826; x_wconf 88' lang='lat' dir='ltr'><strong><em>und</em></strong></span> <span class='ocrx_word' id='word_1_42' title='bbox 626 764 826 842; x_wconf 79' lang='lat' dir='ltr'><strong><em>Fahrwege.“</em></strong></span> <span class='ocrx_word' id='word_1_43' title='bbox 869 763 1074 826; x_wconf 79' lang='lat' dir='ltr'><strong><em>Dinarenuam</em></strong></span> <span class='ocrx_word' id='word_1_44' title='bbox 1095 763 1250 824; x_wconf 81' lang='lat' dir='ltr'><strong><em>nominum</em></strong></span> <span class='ocrx_word' id='word_1_45' title='bbox 1270 763 1350 823; x_wconf 86' lang='lat' dir='ltr'><strong><em>iuris-</em></strong></span> 
     </span>
     <span class='ocr_line' id='line_1_6' title="bbox 78 877 1351 959; baseline -0.001 -20"><span class='ocrx_word' id='word_1_46' title='bbox 78 879 208 940; x_wconf 89' lang='lat' dir='ltr'><strong><em>consulti</em></strong></span> <span class='ocrx_word' id='word_1_47' title='bbox 240 881 468 942; x_wconf 81' lang='lat' dir='ltr'><strong><em>constituerunt</em></strong></span> <span class='ocrx_word' id='word_1_48' title='bbox 515 880 698 959; x_wconf 81' lang='lat' dir='ltr'><strong>Pomponius</strong></span> <span class='ocrx_word' id='word_1_49' title='bbox 725 879 801 958; x_wconf 74' lang='lat' dir='ltr'><strong><em>Dig.</em></strong></span> <span class='ocrx_word' id='word_1_50' title='bbox 829 877 915 940; x_wconf 83' lang='lat' dir='ltr'><strong><em>Vlll.</em></strong></span> <span class='ocrx_word' id='word_1_51' title='bbox 946 884 978 956; x_wconf 92' lang='lat'><strong><em>1,</em></strong></span> <span class='ocrx_word' id='word_1_52' title='bbox 1004 883 1057 943; x_wconf 77' lang='lat'><strong><em>13:</em></strong></span> <span class='ocrx_word' id='word_1_53' title='bbox 1088 879 1127 941; x_wconf 82' lang='lat' dir='ltr'><strong><em>Si</em></strong></span> <span class='ocrx_word' id='word_1_54' title='bbox 1153 885 1217 939; x_wconf 79' lang='lat' dir='ltr'><strong><em>tona</em></strong></span> <span class='ocrx_word' id='word_1_55' title='bbox 1245 882 1351 958; x_wconf 64' lang='lat' dir='ltr'><strong><em>anund</em></strong></span> 
     </span>
     <span class='ocr_line' id='line_1_7' title="bbox 78 993 1352 1077; baseline -0.003 -19"><span class='ocrx_word' id='word_1_56' title='bbox 78 997 141 1059; x_wconf 88' lang='lat' dir='ltr'><strong><em>loci</em></strong></span> <span class='ocrx_word' id='word_1_57' title='bbox 163 996 411 1058; x_wconf 74' lang='lat' dir='ltr'><strong><em>demonstratione</em></strong></span> <span class='ocrx_word' id='word_1_58' title='bbox 429 996 520 1075; x_wconf 80' lang='lat' dir='ltr'><strong><em>socio</em></strong></span> <span class='ocrx_word' id='word_1_59' title='bbox 540 999 594 1058; x_wconf 86' lang='lat' dir='ltr'><strong><em>oio</em></strong></span> <span class='ocrx_word' id='word_1_60' title='bbox 615 1013 762 1059; x_wconf 83' lang='lat' dir='ltr'><strong><em>concessa</em></strong></span> <span class='ocrx_word' id='word_1_61' title='bbox 776 994 881 1074; x_wconf 82' lang='lat' dir='ltr'><strong><em>suerii,</em></strong></span> <span class='ocrx_word' id='word_1_62' title='bbox 900 1003 936 1058; x_wconf 83' lang='lat' dir='ltr'><strong><em>ut</em></strong></span> <span class='ocrx_word' id='word_1_63' title='bbox 955 1013 1053 1077; x_wconf 80' lang='lat' dir='ltr'><strong><em>neque</em></strong></span> <span class='ocrx_word' id='word_1_64' title='bbox 1066 993 1251 1070; x_wconf 80' lang='lat' dir='ltr'><strong><em>aediculam,</em></strong></span> <span class='ocrx_word' id='word_1_65' title='bbox 1270 1013 1352 1076; x_wconf 77' lang='lat' dir='ltr'><strong><em>neone</em></strong></span> 
     </span>
     <span class='ocr_line' id='line_1_8' title="bbox 79 1109 1351 1194; baseline -0.002 -22"><span class='ocrx_word' id='word_1_66' title='bbox 79 1116 235 1174; x_wconf 80' lang='lat' dir='ltr'><strong><em>iumentum</em></strong></span> <span class='ocrx_word' id='word_1_67' title='bbox 255 1130 293 1173; x_wconf 86' lang='lat' dir='ltr'><strong><em>en</em></strong></span> <span class='ocrx_word' id='word_1_68' title='bbox 314 1115 360 1172; x_wconf 83' lang='lat' dir='ltr'><strong><em>ire</em></strong></span> <span class='ocrx_word' id='word_1_69' title='bbox 378 1115 496 1193; x_wconf 82' lang='lat' dir='ltr'><strong><em>possit,</em></strong></span> <span class='ocrx_word' id='word_1_70' title='bbox 521 1115 579 1174; x_wconf 81' lang='lat' dir='ltr'><strong><em>iter</em></strong></span> <span class='ocrx_word' id='word_1_71' title='bbox 599 1115 697 1192; x_wconf 74' lang='lat' dir='ltr'><strong><em>anapia</em></strong></span> <span class='ocrx_word' id='word_1_72' title='bbox 719 1129 806 1194; x_wconf 76' lang='lat' dir='ltr'><strong><em>onom</em></strong></span> <span class='ocrx_word' id='word_1_73' title='bbox 826 1114 880 1173; x_wconf 86' lang='lat' dir='ltr'><strong><em>oia</em></strong></span> <span class='ocrx_word' id='word_1_74' title='bbox 897 1118 956 1173; x_wconf 78' lang='lat' dir='ltr'><strong><em>ont</em></strong></span> <span class='ocrx_word' id='word_1_75' title='bbox 976 1117 1066 1173; x_wconf 83' lang='lat' dir='ltr'><strong><em>actus</em></strong></span> <span class='ocrx_word' id='word_1_76' title='bbox 1081 1113 1258 1192; x_wconf 73' lang='lat' dir='ltr'><strong><em>acquisitos</em></strong></span> <span class='ocrx_word' id='word_1_77' title='bbox 1275 1109 1351 1172; x_wconf 70' lang='lat' dir='ltr'><strong><em>eide·</em></strong></span> 
     </span>
     <span class='ocr_line' id='line_1_9' title="bbox 80 1225 1352 1309; baseline -0.002 -21"><span class='ocrx_word' id='word_1_78' title='bbox 80 1228 167 1289; x_wconf 82' lang='lat' dir='ltr'><strong><em>ditur.</em></strong></span> <span class='ocrx_word' id='word_1_79' title='bbox 211 1226 275 1288; x_wconf 89' lang='lat' dir='ltr'><strong><em>Sed</em></strong></span> <span class='ocrx_word' id='word_1_80' title='bbox 295 1231 324 1288; x_wconf 87' lang='lat' dir='ltr'><strong><em>si</em></strong></span> <span class='ocrx_word' id='word_1_81' title='bbox 345 1230 500 1288; x_wconf 82' lang='lat' dir='ltr'><strong><em>iumentum</em></strong></span> <span class='ocrx_word' id='word_1_82' title='bbox 519 1245 577 1308; x_wconf 81' lang='lat' dir='ltr'><strong><em>per</em></strong></span> <span class='ocrx_word' id='word_1_83' title='bbox 593 1247 660 1289; x_wconf 82' lang='lat' dir='ltr'><strong><em>eom</em></strong></span> <span class='ocrx_word' id='word_1_84' title='bbox 681 1226 753 1290; x_wconf 76' lang='lat' dir='ltr'><strong><em>daei</em></strong></span> <span class='ocrx_word' id='word_1_85' title='bbox 768 1230 896 1309; x_wconf 76' lang='lat' dir='ltr'><strong><em>poterit,</em></strong></span> <span class='ocrx_word' id='word_1_86' title='bbox 917 1244 977 1288; x_wconf 88' lang='lat' dir='ltr'><strong><em>non</em></strong></span> <span class='ocrx_word' id='word_1_87' title='bbox 993 1230 1083 1290; x_wconf 83' lang='lat' dir='ltr'><strong><em>etiarn</em></strong></span> <span class='ocrx_word' id='word_1_88' title='bbox 1102 1225 1287 1301; x_wconf 74' lang='lat' dir='ltr'><strong><em>volcientium,</em></strong></span> <span class='ocrx_word' id='word_1_89' title='bbox 1302 1244 1352 1285; x_wconf 82' lang='lat' dir='ltr'><strong><em>oc-</em></strong></span> 
     </span>
     <span class='ocr_line' id='line_1_10' title="bbox 77 1336 1394 1425; baseline -0.002 -21"><span class='ocrx_word' id='word_1_90' title='bbox 77 1353 127 1405; x_wconf 77' lang='lat' dir='ltr'><strong><em>inc</em></strong></span> <span class='ocrx_word' id='word_1_91' title='bbox 147 1342 299 1404; x_wconf 83' lang='lat' dir='ltr'><strong><em>videditur</em></strong></span> <span class='ocrx_word' id='word_1_92' title='bbox 319 1344 496 1425; x_wconf 78' lang='lat' dir='ltr'><strong><em>acquisitus.</em></strong></span> <span class='ocrx_word' id='word_1_93' title='bbox 539 1341 731 1405; x_wconf 82' lang='lat' dir='ltr'><strong><em>Modestinus</em></strong></span> <span class='ocrx_word' id='word_1_94' title='bbox 751 1342 829 1419; x_wconf 80' lang='lat' dir='ltr'><strong><em>Dig.</em></strong></span> <span class='ocrx_word' id='word_1_95' title='bbox 851 1341 938 1404; x_wconf 83' lang='lat' dir='ltr'><strong><em>Vlll.</em></strong></span> <span class='ocrx_word' id='word_1_96' title='bbox 960 1346 992 1420; x_wconf 84' lang='lat' dir='ltr'><strong><em>a,</em></strong></span> <span class='ocrx_word' id='word_1_97' title='bbox 1017 1346 1073 1404; x_wconf 81' lang='lat'><strong><em>12:</em></strong></span> <span class='ocrx_word' id='word_1_98' title='bbox 1103 1339 1193 1405; x_wconf 83' lang='lat' dir='ltr'><strong><em>later</em></strong></span> <span class='ocrx_word' id='word_1_99' title='bbox 1215 1347 1355 1402; x_wconf 75' lang='lat' dir='ltr'><strong><em>actone</em></strong></span> <span class='ocrx_word' id='word_1_100' title='bbox 1391 1336 1394 1413; x_wconf 67' lang='grc' dir='ltr'>ἲ</span> 
     </span>
     <span class='ocr_line' id='line_1_11' title="bbox 79 1456 1394 1555; baseline -0.002 -36"><span class='ocrx_word' id='word_1_101' title='bbox 79 1463 137 1521; x_wconf 85' lang='lat' dir='ltr'><strong><em>iter</em></strong></span> <span class='ocrx_word' id='word_1_102' title='bbox 157 1458 302 1520; x_wconf 81' lang='lat' dir='ltr'><strong><em>nonnullo</em></strong></span> <span class='ocrx_word' id='word_1_103' title='bbox 323 1467 370 1519; x_wconf 82' lang='lat' dir='ltr'><strong><em>est</em></strong></span> <span class='ocrx_word' id='word_1_104' title='bbox 396 1458 585 1539; x_wconf 76' lang='lat' dir='ltr'><strong><em>differentia:</em></strong></span> <span class='ocrx_word' id='word_1_105' title='bbox 612 1462 670 1520; x_wconf 82' lang='lat' dir='ltr'><strong><em>iter</em></strong></span> <span class='ocrx_word' id='word_1_106' title='bbox 697 1468 746 1521; x_wconf 83' lang='lat' dir='ltr'><strong><em>est</em></strong></span> <span class='ocrx_word' id='word_1_107' title='bbox 769 1461 861 1534; x_wconf 80' lang='lat' dir='ltr'><strong><em>enirn,</em></strong></span> <span class='ocrx_word' id='word_1_108' title='bbox 886 1477 951 1541; x_wconf 69' lang='lat' dir='ltr'><strong><em>pun</em></strong></span> <span class='ocrx_word' id='word_1_109' title='bbox 977 1461 1044 1541; x_wconf 79' lang='lat' dir='ltr'><strong><em>quis</em></strong></span> <span class='ocrx_word' id='word_1_110' title='bbox 1068 1456 1169 1539; x_wconf 80' lang='lat' dir='ltr'><strong><em>pedes</em></strong></span> <span class='ocrx_word' id='word_1_111' title='bbox 1198 1457 1251 1518; x_wconf 85' lang='lat' dir='ltr'><strong><em>vel</em></strong></span> <span class='ocrx_word' id='word_1_112' title='bbox 1275 1475 1352 1538; x_wconf 71' lang='lat' dir='ltr'><strong><em>ennea</em></strong></span> <span class='ocrx_word' id='word_1_113' title='bbox 1391 1514 1394 1555; x_wconf 56' lang='grc'>1</span> 
     </span>
     <span class='ocr_line' id='line_1_12' title="bbox 79 1556 1394 1655; baseline -0.003 -19"><span class='ocrx_word' id='word_1_114' title='bbox 79 1594 243 1637; x_wconf 81' lang='lat' dir='ltr'><strong><em>commeare</em></strong></span> <span class='ocrx_word' id='word_1_115' title='bbox 261 1580 384 1655; x_wconf 75' lang='lat' dir='ltr'><strong><em>potest3</em></strong></span> <span class='ocrx_word' id='word_1_116' title='bbox 404 1582 494 1634; x_wconf 85' lang='lat' dir='ltr'><strong><em>notus</em></strong></span> <span class='ocrx_word' id='word_1_117' title='bbox 514 1591 599 1648; x_wconf 84' lang='lat' dir='ltr'><strong><em>cero,</em></strong></span> <span class='ocrx_word' id='word_1_118' title='bbox 619 1572 671 1634; x_wconf 84' lang='lat' dir='ltr'><strong><em>ndi</em></strong></span> <span class='ocrx_word' id='word_1_119' title='bbox 692 1583 722 1635; x_wconf 84' lang='lat' dir='ltr'><strong><em>et</em></strong></span> <span class='ocrx_word' id='word_1_120' title='bbox 740 1582 880 1637; x_wconf 79' lang='lat' dir='ltr'><strong><em>armento</em></strong></span> <span class='ocrx_word' id='word_1_121' title='bbox 900 1576 1044 1635; x_wconf 81' lang='lat' dir='ltr'><strong><em>traiicere</em></strong></span> <span class='ocrx_word' id='word_1_122' title='bbox 1065 1581 1096 1635; x_wconf 85' lang='lat' dir='ltr'><strong><em>et</em></strong></span> <span class='ocrx_word' id='word_1_123' title='bbox 1115 1572 1289 1635; x_wconf 77' lang='lat' dir='ltr'><strong><em>coliculum</em></strong></span> <span class='ocrx_word' id='word_1_124' title='bbox 1302 1571 1351 1633; x_wconf 86' lang='lat' dir='ltr'><strong><em>du·</em></strong></span> <span class='ocrx_word' id='word_1_125' title='bbox 1387 1556 1394 1585; x_wconf 61' lang='lat'>³</span> 
     </span>
     <span class='ocr_line' id='line_1_13' title="bbox 80 1687 1351 1768; baseline -0.005 -16"><span class='ocrx_word' id='word_1_126' title='bbox 80 1710 151 1753; x_wconf 78' lang='lat' dir='ltr'><strong><em>cera</em></strong></span> <span class='ocrx_word' id='word_1_127' title='bbox 173 1691 283 1753; x_wconf 52' lang='lat' dir='ltr'><strong><em>&#39;licent</em></strong></span> <span class='ocrx_word' id='word_1_128' title='bbox 325 1688 416 1751; x_wconf 91' lang='lat' dir='ltr'><strong><em>Plura</em></strong></span> <span class='ocrx_word' id='word_1_129' title='bbox 439 1690 622 1751; x_wconf 78' lang='lat' dir='ltr'><strong><em>desideranti</em></strong></span> <span class='ocrx_word' id='word_1_130' title='bbox 650 1687 803 1750; x_wconf 83' lang='lat' dir='ltr'><strong><em>abundans</em></strong></span> <span class='ocrx_word' id='word_1_131' title='bbox 829 1688 989 1751; x_wconf 87' lang='lat' dir='ltr'><strong><em>meditandi</em></strong></span> <span class='ocrx_word' id='word_1_132' title='bbox 1018 1692 1049 1750; x_wconf 86' lang='lat' dir='ltr'><strong><em>et</em></strong></span> <span class='ocrx_word' id='word_1_133' title='bbox 1079 1688 1256 1768; x_wconf 86' lang='lat' dir='ltr'><strong><em>disputandi</em></strong></span> <span class='ocrx_word' id='word_1_134' title='bbox 1278 1687 1351 1766; x_wconf 87' lang='lat' dir='ltr'><strong><em>copia</em></strong></span> 
     </span>
     <span class='ocr_line' id='line_1_14' title="bbox 79 1802 1350 1885; baseline -0.004 -18"><span class='ocrx_word' id='word_1_135' title='bbox 79 1809 163 1885; x_wconf 85' lang='lat' dir='ltr'><strong><em>patet</em></strong></span> <span class='ocrx_word' id='word_1_136' title='bbox 184 1808 215 1867; x_wconf 91' lang='lat' dir='ltr'><strong><em>in</em></strong></span> <span class='ocrx_word' id='word_1_137' title='bbox 236 1805 400 1866; x_wconf 85' lang='lat' dir='ltr'><strong><em>novissima</em></strong></span> <span class='ocrx_word' id='word_1_138' title='bbox 416 1804 549 1866; x_wconf 77' lang='lat' dir='ltr'><strong><em>editione</em></strong></span> <span class='ocrx_word' id='word_1_139' title='bbox 566 1802 726 1865; x_wconf 85' lang='lat' dir='ltr'><strong><em>Foreellin.</em></strong></span> <span class='ocrx_word' id='word_1_140' title='bbox 750 1806 780 1864; x_wconf 95' lang='lat' dir='ltr'><strong><em>in</em></strong></span> <span class='ocrx_word' id='word_1_141' title='bbox 800 1824 853 1865; x_wconf 81' lang='lat' dir='ltr'><strong><em>uu.</em></strong></span> <span class='ocrx_word' id='word_1_142' title='bbox 875 1808 942 1880; x_wconf 81' lang='lat' dir='ltr'><strong><em>iter,</em></strong></span> <span class='ocrx_word' id='word_1_143' title='bbox 963 1812 1064 1883; x_wconf 73' lang='lat' dir='ltr'><strong><em>octona,</em></strong></span> <span class='ocrx_word' id='word_1_144' title='bbox 1087 1807 1209 1880; x_wconf 83' lang='lat' dir='ltr'><strong><em>eio,·et</em></strong></span> <span class='ocrx_word' id='word_1_145' title='bbox 1228 1804 1260 1865; x_wconf 92' lang='lat' dir='ltr'><strong><em>in</em></strong></span> <span class='ocrx_word' id='word_1_146' title='bbox 1280 1804 1350 1865; x_wconf 84' lang='lat' dir='ltr'><strong><em>viro-</em></strong></span> 
     </span>
     <span class='ocr_line' id='line_1_15' title="bbox 79 1918 953 1999; baseline 0.003 -18"><span class='ocrx_word' id='word_1_147' title='bbox 79 1941 141 1981; x_wconf 87' lang='lat' dir='ltr'><strong><em>ruru</em></strong></span> <span class='ocrx_word' id='word_1_148' title='bbox 165 1921 331 1999; x_wconf 83' lang='lat' dir='ltr'><strong><em>doctorum,</em></strong></span> <span class='ocrx_word' id='word_1_149' title='bbox 354 1921 405 1999; x_wconf 84' lang='lat' dir='ltr'><strong><em>qui</em></strong></span> <span class='ocrx_word' id='word_1_150' title='bbox 427 1919 469 1979; x_wconf 87' lang='lat' dir='ltr'><strong><em>ibi</em></strong></span> <span class='ocrx_word' id='word_1_151' title='bbox 490 1918 657 1997; x_wconf 81' lang='lat' dir='ltr'><strong><em>laudantur,</em></strong></span> <span class='ocrx_word' id='word_1_152' title='bbox 680 1920 953 1987; x_wconf 80' lang='lat' dir='ltr'><strong><em>obseruationibus.</em></strong></span> 
     </span>
    </p>
   </div>
   <div class='ocr_carea' id='block_1_3' title="bbox 690 2121 759 2182">
    <p class='ocr_par' dir='ltr' id='par_1_4' title="bbox 690 2121 759 2182">
     <span class='ocr_line' id='line_1_16' title="bbox 690 2121 759 2182; baseline -0.014 0"><span class='ocrx_word' id='word_1_153' title='bbox 690 2121 759 2182; x_wconf 76' lang='lat' dir='ltr'><strong><em>las</em></strong></span> 
     </span>
    </p>
   </div>
   <div class='ocr_carea' id='block_1_4' title="bbox 28 2255 1365 4427">
    <p class='ocr_par' dir='ltr' id='par_1_5' title="bbox 163 2255 1351 2350">
     <span class='ocr_line' id='line_1_17' title="bbox 163 2255 1351 2350; baseline 0.002 -21"><span class='ocrx_word' id='word_1_154' title='bbox 163 2269 314 2330; x_wconf 75' lang='lat' dir='ltr'><strong><em>vicinatur</em></strong></span> <span class='ocrx_word' id='word_1_155' title='bbox 333 2271 404 2329; x_wconf 86' lang='lat' dir='ltr'><strong><em>vioe</em></strong></span> <span class='ocrx_word' id='word_1_156' title='bbox 423 2265 637 2350; x_wconf 72' lang='lat' dir='ltr'><strong><em>optantesque)</em></strong></span> <span class='ocrx_word' id='word_1_157' title='bbox 669 2269 807 2332; x_wconf 87' lang='lat' dir='ltr'><strong><em>Brisson.</em></strong></span> <span class='ocrx_word' id='word_1_158' title='bbox 830 2288 861 2330; x_wconf 91' lang='lat' dir='ltr'><strong><em>v.</em></strong></span> <span class='ocrx_word' id='word_1_159' title='bbox 883 2273 946 2346; x_wconf 54' lang='lat' dir='ltr'><strong><em>nnio,</em></strong></span> <span class='ocrx_word' id='word_1_160' title='bbox 965 2285 996 2331; x_wconf 89' lang='lat' dir='ltr'><strong><em>n.</em></strong></span> <span class='ocrx_word' id='word_1_161' title='bbox 1020 2272 1049 2333; x_wconf 77' lang='grc'><strong><em>4.</em></strong></span> <span class='ocrx_word' id='word_1_162' title='bbox 1062 2255 1183 2334; x_wconf 76' lang='lat' dir='ltr'><strong><em>¹Senes.</em></strong></span> <span class='ocrx_word' id='word_1_163' title='bbox 1205 2271 1309 2333; x_wconf 85' lang='lat' dir='ltr'><strong><em>Benel.</em></strong></span> <span class='ocrx_word' id='word_1_164' title='bbox 1326 2288 1351 2349; x_wconf 87' lang='lat' dir='ltr'><strong><em>p.</em></strong></span> 
     </span>
    </p>

    <p class='ocr_par' dir='ltr' id='par_1_6' title="bbox 28 2381 1365 4427">
     <span class='ocr_line' id='line_1_18' title="bbox 84 2381 1353 2465; baseline -0.002 -18"><span class='ocrx_word' id='word_1_165' title='bbox 84 2388 157 2448; x_wconf 78' lang='grc'><strong>516.</strong></span> <span class='ocrx_word' id='word_1_166' title='bbox 186 2382 325 2446; x_wconf 77' lang='grc' dir='ltr'><strong>ΗΕΙΝΒ.</strong></span> <span class='ocrx_word' id='word_1_167' title='bbox 367 2385 415 2446; x_wconf 85' lang='lat' dir='ltr'><strong><em>lle</em></strong></span> <span class='ocrx_word' id='word_1_168' title='bbox 443 2387 504 2446; x_wconf 84' lang='lat' dir='ltr'><strong><em>uiis</em></strong></span> <span class='ocrx_word' id='word_1_169' title='bbox 528 2383 734 2446; x_wconf 77' lang='lat' dir='ltr'><strong><em>vincientibus</em></strong></span> <span class='ocrx_word' id='word_1_170' title='bbox 760 2401 794 2444; x_wconf 84' lang='lat' dir='ltr'><strong><em>u.</em></strong></span> <span class='ocrx_word' id='word_1_171' title='bbox 823 2381 942 2464; x_wconf 86' lang='lat' dir='ltr'><strong><em>Ulpian.</em></strong></span> <span class='ocrx_word' id='word_1_172' title='bbox 970 2382 1044 2461; x_wconf 76' lang='lat' dir='ltr'><strong><em>nug.</em></strong></span> <span class='ocrx_word' id='word_1_173' title='bbox 1070 2384 1184 2447; x_wconf 75' lang='lat' dir='ltr'><strong><em>xulll.</em></strong></span> <span class='ocrx_word' id='word_1_174' title='bbox 1219 2390 1255 2465; x_wconf 81' lang='lat' dir='ltr'><strong><em>i,</em></strong></span> <span class='ocrx_word' id='word_1_175' title='bbox 1281 2389 1310 2447; x_wconf 79' lang='lat'><strong><em>3.</em></strong></span> <span class='ocrx_word' id='word_1_176' title='bbox 1329 2388 1353 2446; x_wconf 88' lang='lat' dir='ltr'><strong><em>et</em></strong></span> 
     </span>
     <span class='ocr_line' id='line_1_19' title="bbox 82 2499 1354 2580; baseline 0.001 -18"><span class='ocrx_word' id='word_1_177' title='bbox 82 2499 192 2562; x_wconf 84' lang='lat' dir='ltr'><strong><em>XLlll.</em></strong></span> <span class='ocrx_word' id='word_1_178' title='bbox 220 2507 256 2577; x_wconf 86' lang='lat'><strong><em>8,</em></strong></span> <span class='ocrx_word' id='word_1_179' title='bbox 290 2503 322 2560; x_wconf 82' lang='lat'><strong><em>2.</em></strong></span> <span class='ocrx_word' id='word_1_180' title='bbox 366 2499 466 2580; x_wconf 81' lang='lat' dir='ltr'><strong><em>Saepe</em></strong></span> <span class='ocrx_word' id='word_1_181' title='bbox 495 2501 759 2562; x_wconf 75' lang='lat' dir='ltr'><strong><em>eomunenuorantur</em></strong></span> <span class='ocrx_word' id='word_1_182' title='bbox 789 2500 820 2561; x_wconf 94' lang='lat' dir='ltr'><strong><em>in</em></strong></span> <span class='ocrx_word' id='word_1_183' title='bbox 848 2499 1044 2579; x_wconf 81' lang='lat' dir='ltr'><strong><em>scriptoribus</em></strong></span> <span class='ocrx_word' id='word_1_184' title='bbox 1070 2501 1115 2561; x_wconf 89' lang='lat' dir='ltr'><strong><em>rei</em></strong></span> <span class='ocrx_word' id='word_1_185' title='bbox 1150 2503 1303 2578; x_wconf 80' lang='lat' dir='ltr'><strong><em>agrariae.</em></strong></span> <span class='ocrx_word' id='word_1_186' title='bbox 1329 2519 1354 2563; x_wconf 80' lang='lat' dir='ltr'><strong><em>v.</em></strong></span> 
     </span>
     <span class='ocr_line' id='line_1_20' title="bbox 83 2613 1355 2697; baseline -0.002 -19"><span class='ocrx_word' id='word_1_187' title='bbox 83 2615 177 2678; x_wconf 87' lang='lat' dir='ltr'><strong><em>Goes.</em></strong></span> <span class='ocrx_word' id='word_1_188' title='bbox 200 2615 264 2679; x_wconf 80' lang='lat' dir='ltr'><strong><em>lud.</em></strong></span> <span class='ocrx_word' id='word_1_189' title='bbox 287 2616 336 2677; x_wconf 92' lang='lat' dir='ltr'><strong><em>uhi</em></strong></span> <span class='ocrx_word' id='word_1_190' title='bbox 358 2616 446 2678; x_wconf 87' lang='lat' dir='ltr'><strong><em>etiam</em></strong></span> <span class='ocrx_word' id='word_1_191' title='bbox 468 2616 601 2677; x_wconf 80' lang='lat' dir='ltr'><strong><em>Frontini</em></strong></span> <span class='ocrx_word' id='word_1_192' title='bbox 622 2615 710 2677; x_wconf 90' lang='lat' dir='ltr'><strong><em>locus</em></strong></span> <span class='ocrx_word' id='word_1_193' title='bbox 731 2616 862 2678; x_wconf 81' lang='lat' dir='ltr'><strong><em>affertur.</em></strong></span> <span class='ocrx_word' id='word_1_194' title='bbox 888 2615 938 2676; x_wconf 81' lang='lat' dir='ltr'><strong><em>lix</em></strong></span> <span class='ocrx_word' id='word_1_195' title='bbox 960 2613 1099 2694; x_wconf 86' lang='lat' dir='ltr'><strong><em>Ulipiano</em></strong></span> <span class='ocrx_word' id='word_1_196' title='bbox 1122 2620 1281 2697; x_wconf 85' lang='lat' dir='ltr'><strong><em>postquam</em></strong></span> <span class='ocrx_word' id='word_1_197' title='bbox 1297 2615 1355 2693; x_wconf 76' lang='lat' dir='ltr'><strong><em>sig-</em></strong></span> 
     </span>
     <span class='ocr_line' id='line_1_21' title="bbox 83 2726 1357 2814; baseline 0 -22"><span class='ocrx_word' id='word_1_198' title='bbox 83 2729 283 2794; x_wconf 81' lang='lat' dir='ltr'><strong><em>nificationem</em></strong></span> <span class='ocrx_word' id='word_1_199' title='bbox 305 2732 448 2810; x_wconf 86' lang='lat' dir='ltr'><strong><em>exposuit</em></strong></span> <span class='ocrx_word' id='word_1_200' title='bbox 467 2731 642 2794; x_wconf 87' lang='lat' dir='ltr'><strong><em>Brissonius</em></strong></span> <span class='ocrx_word' id='word_1_201' title='bbox 672 2726 720 2812; x_wconf 81' lang='lat' dir='ltr'><strong><em>(in</em></strong></span> <span class='ocrx_word' id='word_1_202' title='bbox 736 2729 875 2792; x_wconf 86' lang='lat' dir='ltr'><strong><em>Sclrardii</em></strong></span> <span class='ocrx_word' id='word_1_203' title='bbox 896 2730 972 2794; x_wconf 83' lang='lat' dir='ltr'><strong><em>Lex.</em></strong></span> <span class='ocrx_word' id='word_1_204' title='bbox 993 2729 1090 2793; x_wconf 83' lang='lat' dir='ltr'><strong><em>Jurio.</em></strong></span> <span class='ocrx_word' id='word_1_205' title='bbox 1112 2750 1143 2792; x_wconf 83' lang='lat' dir='ltr'><strong><em>r.</em></strong></span> <span class='ocrx_word' id='word_1_206' title='bbox 1165 2729 1258 2814; x_wconf 82' lang='lat' dir='ltr'><strong><em>oia),</em></strong></span> <span class='ocrx_word' id='word_1_207' title='bbox 1289 2731 1357 2793; x_wconf 82' lang='lat' dir='ltr'><strong><em>adli-</em></strong></span> 
     </span>
     <span class='ocr_line' id='line_1_22' title="bbox 69 2825 1358 2927; baseline -0.003 -18"><span class='ocrx_word' id='word_1_208' title='bbox 69 2825 142 2909; x_wconf 60' lang='lat' dir='ltr'><strong><em>vcit:</em></strong></span> <span class='ocrx_word' id='word_1_209' title='bbox 178 2847 245 2925; x_wconf 86' lang='lat' dir='ltr'><strong><em>„ita</em></strong></span> <span class='ocrx_word' id='word_1_210' title='bbox 272 2847 337 2908; x_wconf 89' lang='lat' dir='ltr'><strong><em>vias</em></strong></span> <span class='ocrx_word' id='word_1_211' title='bbox 364 2846 511 2908; x_wconf 84' lang='lat' dir='ltr'><strong><em>vicinales</em></strong></span> <span class='ocrx_word' id='word_1_212' title='bbox 540 2846 643 2925; x_wconf 90' lang='lat' dir='ltr'><strong><em>accipe</em></strong></span> <span class='ocrx_word' id='word_1_213' title='bbox 665 2847 744 2925; x_wconf 87' lang='lat' dir='ltr'><strong><em>apud</em></strong></span> <span class='ocrx_word' id='word_1_214' title='bbox 765 2846 899 2908; x_wconf 84' lang='lat' dir='ltr'><strong><em>Frontin.</em></strong></span> <span class='ocrx_word' id='word_1_215' title='bbox 927 2846 964 2907; x_wconf 80' lang='lat' dir='ltr'><strong><em>ule</em></strong></span> <span class='ocrx_word' id='word_1_216' title='bbox 985 2844 1146 2927; x_wconf 66' lang='lat' dir='ltr'><strong><em>Aquaouf‘</em></strong></span> <span class='ocrx_word' id='word_1_217' title='bbox 1189 2847 1262 2925; x_wconf 76' lang='lat' dir='ltr'><strong><em>Ego</em></strong></span> <span class='ocrx_word' id='word_1_218' title='bbox 1282 2846 1358 2909; x_wconf 82' lang='lat' dir='ltr'><strong><em>aliter</em></strong></span> 
     </span>
     <span class='ocr_line' id='line_1_23' title="bbox 85 2959 1360 3042; baseline -0.001 -20"><span class='ocrx_word' id='word_1_219' title='bbox 85 2961 194 3024; x_wconf 84' lang='lat' dir='ltr'><strong><em>sentio.</em></strong></span> <span class='ocrx_word' id='word_1_220' title='bbox 237 2961 311 3022; x_wconf 88' lang='lat' dir='ltr'><strong><em>Nam</em></strong></span> <span class='ocrx_word' id='word_1_221' title='bbox 334 2961 402 3022; x_wconf 86' lang='lat' dir='ltr'><strong><em>uiae</em></strong></span> <span class='ocrx_word' id='word_1_222' title='bbox 425 2961 573 3024; x_wconf 82' lang='lat' dir='ltr'><strong><em>victuales</em></strong></span> <span class='ocrx_word' id='word_1_223' title='bbox 595 2961 675 3041; x_wconf 87' lang='lat' dir='ltr'><strong><em>apud</em></strong></span> <span class='ocrx_word' id='word_1_224' title='bbox 696 2959 853 3041; x_wconf 81' lang='lat' dir='ltr'><strong><em>Ulpianum</em></strong></span> <span class='ocrx_word' id='word_1_225' title='bbox 875 2962 971 3040; x_wconf 81' lang='lat' dir='ltr'><strong><em>magis</em></strong></span> <span class='ocrx_word' id='word_1_226' title='bbox 994 2965 1063 3023; x_wconf 91' lang='lat' dir='ltr'><strong><em>sunt</em></strong></span> <span class='ocrx_word' id='word_1_227' title='bbox 1083 2961 1234 3041; x_wconf 86' lang='lat' dir='ltr'><strong><em>publicae.</em></strong></span> <span class='ocrx_word' id='word_1_228' title='bbox 1277 2961 1360 3042; x_wconf 81' lang='lat' dir='ltr'><strong><em>Apul</em></strong></span> 
     </span>
     <span class='ocr_line' id='line_1_24' title="bbox 85 3076 1360 3161; baseline -0.003 -21"><span class='ocrx_word' id='word_1_229' title='bbox 85 3077 258 3140; x_wconf 83' lang='lat' dir='ltr'><strong><em>Frontinum</em></strong></span> <span class='ocrx_word' id='word_1_230' title='bbox 282 3080 377 3139; x_wconf 88' lang='lat' dir='ltr'><strong><em>autern</em></strong></span> <span class='ocrx_word' id='word_1_231' title='bbox 400 3078 536 3156; x_wconf 85' lang='lat' dir='ltr'><strong><em>priuatae</em></strong></span> <span class='ocrx_word' id='word_1_232' title='bbox 558 3078 657 3154; x_wconf 78' lang='lat' dir='ltr'><strong><em>magis</em></strong></span> <span class='ocrx_word' id='word_1_233' title='bbox 678 3076 746 3137; x_wconf 86' lang='lat' dir='ltr'><strong><em>viae</em></strong></span> <span class='ocrx_word' id='word_1_234' title='bbox 768 3077 987 3156; x_wconf 79' lang='lat' dir='ltr'><strong><em>intelligendae</em></strong></span> <span class='ocrx_word' id='word_1_235' title='bbox 1011 3095 1080 3138; x_wconf 84' lang='lat' dir='ltr'><strong><em>esse</em></strong></span> <span class='ocrx_word' id='word_1_236' title='bbox 1103 3077 1266 3158; x_wconf 84' lang='lat' dir='ltr'><strong><em>videntur,</em></strong></span> <span class='ocrx_word' id='word_1_237' title='bbox 1295 3095 1360 3161; x_wconf 88' lang='lat' dir='ltr'><strong><em>quae</em></strong></span> 
     </span>
     <span class='ocr_line' id='line_1_25' title="bbox 85 3190 1362 3274; baseline -0.002 -18"><span class='ocrx_word' id='word_1_238' title='bbox 85 3213 103 3256; x_wconf 93' lang='lat' dir='ltr'><strong><em>a</em></strong></span> <span class='ocrx_word' id='word_1_239' title='bbox 126 3193 254 3274; x_wconf 69' lang='lat' dir='ltr'><strong><em>puratis</em></strong></span> <span class='ocrx_word' id='word_1_240' title='bbox 275 3193 509 3272; x_wconf 87' lang='lat' dir='ltr'><strong><em>possessoribus</em></strong></span> <span class='ocrx_word' id='word_1_241' title='bbox 530 3190 603 3253; x_wconf 89' lang='lat' dir='ltr'><strong><em>liunt</em></strong></span> <span class='ocrx_word' id='word_1_242' title='bbox 624 3194 656 3252; x_wconf 91' lang='lat' dir='ltr'><strong><em>et</em></strong></span> <span class='ocrx_word' id='word_1_243' title='bbox 676 3191 859 3271; x_wconf 82' lang='lat' dir='ltr'><strong><em>reficiuntur,</em></strong></span> <span class='ocrx_word' id='word_1_244' title='bbox 881 3211 936 3271; x_wconf 83' lang='lat' dir='ltr'><strong><em>per</em></strong></span> <span class='ocrx_word' id='word_1_245' title='bbox 957 3191 1084 3271; x_wconf 87' lang='lat' dir='ltr'><strong><em>plurium</em></strong></span> <span class='ocrx_word' id='word_1_246' title='bbox 1104 3192 1292 3272; x_wconf 84' lang='lat' dir='ltr'><strong><em>privatorum</em></strong></span> <span class='ocrx_word' id='word_1_247' title='bbox 1303 3196 1362 3255; x_wconf 86' lang='lat' dir='ltr'><strong><em>tau-</em></strong></span> 
     </span>
     <span class='ocr_line' id='line_1_26' title="bbox 85 3306 1362 3388; baseline -0.003 -18"><span class='ocrx_word' id='word_1_248' title='bbox 85 3312 146 3371; x_wconf 84' lang='lat' dir='ltr'><strong><em>tunu</em></strong></span> <span class='ocrx_word' id='word_1_249' title='bbox 168 3328 261 3388; x_wconf 80' lang='lat' dir='ltr'><strong><em>agros</em></strong></span> <span class='ocrx_word' id='word_1_250' title='bbox 282 3311 386 3388; x_wconf 88' lang='lat' dir='ltr'><strong><em>patent</em></strong></span> <span class='ocrx_word' id='word_1_251' title='bbox 406 3307 647 3388; x_wconf 80' lang='lat' dir='ltr'><strong><em>priuatorumque</em></strong></span> <span class='ocrx_word' id='word_1_252' title='bbox 668 3306 797 3385; x_wconf 86' lang='lat' dir='ltr'><strong><em>pedibus</em></strong></span> <span class='ocrx_word' id='word_1_253' title='bbox 827 3309 1020 3370; x_wconf 84' lang='lat' dir='ltr'><strong><em>communiter</em></strong></span> <span class='ocrx_word' id='word_1_254' title='bbox 1042 3308 1192 3370; x_wconf 88' lang='lat' dir='ltr'><strong><em>calcantur</em></strong></span> <span class='ocrx_word' id='word_1_255' title='bbox 1214 3306 1362 3369; x_wconf 85' lang='lat' dir='ltr'><strong><em>ethorum</em></strong></span> 
     </span>
     <span class='ocr_line' id='line_1_27' title="bbox 84 3421 1362 3504; baseline -0.002 -20"><span class='ocrx_word' id='word_1_256' title='bbox 84 3423 207 3486; x_wconf 86' lang='lat' dir='ltr'><strong><em>utilitati</em></strong></span> <span class='ocrx_word' id='word_1_257' title='bbox 236 3427 268 3485; x_wconf 87' lang='lat' dir='ltr'><strong><em>et</em></strong></span> <span class='ocrx_word' id='word_1_258' title='bbox 295 3424 449 3486; x_wconf 72' lang='lat' dir='ltr'><strong><em>comniodc</em></strong></span> <span class='ocrx_word' id='word_1_259' title='bbox 480 3422 659 3483; x_wconf 84' lang='lat' dir='ltr'><strong><em>inserviunt.</em></strong></span> <span class='ocrx_word' id='word_1_260' title='bbox 704 3421 799 3484; x_wconf 76' lang='lat' dir='ltr'><strong><em>litiano</em></strong></span> <span class='ocrx_word' id='word_1_261' title='bbox 827 3426 899 3484; x_wconf 89' lang='lat' dir='ltr'><strong><em>oioe</em></strong></span> <span class='ocrx_word' id='word_1_262' title='bbox 926 3434 1066 3504; x_wconf 78' lang='lat' dir='ltr'><strong><em>oprestes</em></strong></span> <span class='ocrx_word' id='word_1_263' title='bbox 1092 3424 1228 3486; x_wconf 84' lang='lat' dir='ltr'><strong><em>Frontini</em></strong></span> <span class='ocrx_word' id='word_1_264' title='bbox 1252 3423 1362 3485; x_wconf 76' lang='lat' dir='ltr'><strong><em>nlil&#39;erre</em></strong></span> 
     </span>
     <span class='ocr_line' id='line_1_28' title="bbox 85 3538 1363 3621; baseline 0.001 -23"><span class='ocrx_word' id='word_1_265' title='bbox 85 3538 227 3599; x_wconf 84' lang='lat' dir='ltr'><strong><em>videntur</em></strong></span> <span class='ocrx_word' id='word_1_266' title='bbox 254 3539 294 3601; x_wconf 86' lang='lat' dir='ltr'><strong><em>ad</em></strong></span> <span class='ocrx_word' id='word_1_267' title='bbox 316 3543 451 3620; x_wconf 74' lang='lat' dir='ltr'><strong><em>oproiis,</em></strong></span> <span class='ocrx_word' id='word_1_268' title='bbox 479 3556 554 3620; x_wconf 88' lang='lat' dir='ltr'><strong><em>quae</em></strong></span> <span class='ocrx_word' id='word_1_269' title='bbox 576 3539 731 3599; x_wconf 86' lang='lat' dir='ltr'><strong><em>vocantur.</em></strong></span> <span class='ocrx_word' id='word_1_270' title='bbox 774 3541 928 3617; x_wconf 74' lang='lat' dir='ltr'><strong><em>Apronius</em></strong></span> <span class='ocrx_word' id='word_1_271' title='bbox 955 3549 1027 3602; x_wconf 88' lang='lat' dir='ltr'><strong><em>sunt</em></strong></span> <span class='ocrx_word' id='word_1_272' title='bbox 1050 3539 1102 3601; x_wconf 87' lang='lat' dir='ltr'><strong><em>ool</em></strong></span> <span class='ocrx_word' id='word_1_273' title='bbox 1128 3538 1173 3600; x_wconf 77' lang='lat' dir='ltr'><strong><em>da</em></strong></span> <span class='ocrx_word' id='word_1_274' title='bbox 1199 3558 1280 3621; x_wconf 80' lang='lat' dir='ltr'><strong><em>quoe</em></strong></span> <span class='ocrx_word' id='word_1_275' title='bbox 1302 3544 1363 3599; x_wconf 78' lang='lat' dir='ltr'><strong><em>aunt</em></strong></span> 
     </span>
     <span class='ocr_line' id='line_1_29' title="bbox 28 3651 1363 3736; baseline 0.001 -25"><span class='ocrx_word' id='word_1_276' title='bbox 28 3702 32 3710; x_wconf 94' lang='lat'><em>.</em></span> <span class='ocrx_word' id='word_1_277' title='bbox 86 3657 117 3714; x_wconf 82' lang='lat' dir='ltr'><strong><em>in</em></strong></span> <span class='ocrx_word' id='word_1_278' title='bbox 137 3657 234 3734; x_wconf 74' lang='lat' dir='ltr'><strong><em>aprio,</em></strong></span> <span class='ocrx_word' id='word_1_279' title='bbox 257 3654 363 3736; x_wconf 77' lang='lat' dir='ltr'><strong><em>quidus</em></strong></span> <span class='ocrx_word' id='word_1_280' title='bbox 383 3656 528 3734; x_wconf 79' lang='lat' dir='ltr'><strong><em>imposita</em></strong></span> <span class='ocrx_word' id='word_1_281' title='bbox 547 3661 594 3716; x_wconf 83' lang='lat' dir='ltr'><strong><em>eat</em></strong></span> <span class='ocrx_word' id='word_1_282' title='bbox 615 3656 757 3729; x_wconf 83' lang='lat' dir='ltr'><strong><em>servitos,</em></strong></span> <span class='ocrx_word' id='word_1_283' title='bbox 779 3661 814 3715; x_wconf 79' lang='lat' dir='ltr'><strong><em>ut</em></strong></span> <span class='ocrx_word' id='word_1_284' title='bbox 832 3653 877 3715; x_wconf 86' lang='lat' dir='ltr'><strong><em>od</em></strong></span> <span class='ocrx_word' id='word_1_285' title='bbox 897 3671 1002 3733; x_wconf 75' lang='lat' dir='ltr'><strong><em>aprum</em></strong></span> <span class='ocrx_word' id='word_1_286' title='bbox 1019 3654 1149 3716; x_wconf 82' lang='lat' dir='ltr'><strong><em>otcarius</em></strong></span> <span class='ocrx_word' id='word_1_287' title='bbox 1166 3654 1307 3731; x_wconf 59' lang='lat' dir='ltr'><strong><em>decenn</em></strong></span> <span class='ocrx_word' id='word_1_288' title='bbox 1320 3651 1363 3715; x_wconf 83' lang='lat' dir='ltr'><strong><em>oet</em></strong></span> 
     </span>
     <span class='ocr_line' id='line_1_30' title="bbox 85 3767 1362 3852; baseline -0.003 -21"><span class='ocrx_word' id='word_1_289' title='bbox 85 3769 146 3831; x_wconf 84' lang='lat' dir='ltr'><strong><em>doe</em></strong></span> <span class='ocrx_word' id='word_1_290' title='bbox 166 3787 246 3848; x_wconf 81' lang='lat' dir='ltr'><strong><em>quoe</em></strong></span> <span class='ocrx_word' id='word_1_291' title='bbox 267 3767 310 3830; x_wconf 87' lang='lat' dir='ltr'><strong><em>od</em></strong></span> <span class='ocrx_word' id='word_1_292' title='bbox 330 3787 424 3848; x_wconf 75' lang='lat' dir='ltr'><strong><em>apros</em></strong></span> <span class='ocrx_word' id='word_1_293' title='bbox 445 3768 575 3847; x_wconf 83' lang='lat' dir='ltr'><strong><em>ducunt,</em></strong></span> <span class='ocrx_word' id='word_1_294' title='bbox 600 3789 658 3850; x_wconf 83' lang='lat' dir='ltr'><strong><em>per</em></strong></span> <span class='ocrx_word' id='word_1_295' title='bbox 680 3788 756 3851; x_wconf 79' lang='lat' dir='ltr'><strong><em>quos</em></strong></span> <span class='ocrx_word' id='word_1_296' title='bbox 777 3769 913 3832; x_wconf 82' lang='lat' dir='ltr'><strong><em>omnibus</em></strong></span> <span class='ocrx_word' id='word_1_297' title='bbox 941 3789 1099 3852; x_wconf 83' lang='lat' dir='ltr'><strong><em>permeare</em></strong></span> <span class='ocrx_word' id='word_1_298' title='bbox 1125 3770 1216 3847; x_wconf 82' lang='lat' dir='ltr'><strong><em>dicet,</em></strong></span> <span class='ocrx_word' id='word_1_299' title='bbox 1245 3773 1279 3831; x_wconf 87' lang='lat' dir='ltr'><strong><em>in</em></strong></span> <span class='ocrx_word' id='word_1_300' title='bbox 1299 3786 1362 3852; x_wconf 76' lang='lat' dir='ltr'><strong><em>quoa</em></strong></span> 
     </span>
     <span class='ocr_line' id='line_1_31' title="bbox 86 3883 1361 3967; baseline -0.002 -22"><span class='ocrx_word' id='word_1_301' title='bbox 86 3887 187 3946; x_wconf 63' lang='lat' dir='ltr'><strong><em>entur</em></strong></span> <span class='ocrx_word' id='word_1_302' title='bbox 209 3884 247 3945; x_wconf 89' lang='lat' dir='ltr'><strong><em>de</em></strong></span> <span class='ocrx_word' id='word_1_303' title='bbox 266 3887 319 3946; x_wconf 83' lang='lat' dir='ltr'><strong><em>cia</em></strong></span> <span class='ocrx_word' id='word_1_304' title='bbox 341 3885 515 3947; x_wconf 71' lang='lat' dir='ltr'><strong><em>cumulari:</em></strong></span> <span class='ocrx_word' id='word_1_305' title='bbox 544 3884 664 3964; x_wconf 89' lang='lat' dir='ltr'><strong><em>Ulpian.</em></strong></span> <span class='ocrx_word' id='word_1_306' title='bbox 685 3883 708 3944; x_wconf 92' lang='lat' dir='ltr'><strong><em>l.</em></strong></span> <span class='ocrx_word' id='word_1_307' title='bbox 730 3903 758 3946; x_wconf 84' lang='lat' dir='ltr'><strong><em>e.</em></strong></span> <span class='ocrx_word' id='word_1_308' title='bbox 787 3885 935 3965; x_wconf 77' lang='lat' dir='ltr'><strong><em>Apreetas</em></strong></span> <span class='ocrx_word' id='word_1_309' title='bbox 955 3904 1048 3966; x_wconf 83' lang='lat' dir='ltr'><strong><em>vero,</em></strong></span> <span class='ocrx_word' id='word_1_310' title='bbox 1077 3903 1199 3967; x_wconf 83' lang='lat' dir='ltr'><strong><em>quarum</em></strong></span> <span class='ocrx_word' id='word_1_311' title='bbox 1220 3883 1282 3948; x_wconf 85' lang='lat' dir='ltr'><strong><em>lroc</em></strong></span> <span class='ocrx_word' id='word_1_312' title='bbox 1302 3883 1361 3966; x_wconf 88' lang='lat' dir='ltr'><strong><em>qui-</em></strong></span> 
     </span>
     <span class='ocr_line' id='line_1_32' title="bbox 87 3998 1361 4089; baseline -0.002 -28"><span class='ocrx_word' id='word_1_313' title='bbox 87 3999 293 4089; x_wconf 79' lang='lat' dir='ltr'><strong><em>dannomine</em></strong></span> <span class='ocrx_word' id='word_1_314' title='bbox 324 4017 341 4058; x_wconf 94' lang='lat' dir='ltr'><strong><em>a</em></strong></span> <span class='ocrx_word' id='word_1_315' title='bbox 362 3998 444 4060; x_wconf 91' lang='lat' dir='ltr'><strong><em>nullo</em></strong></span> <span class='ocrx_word' id='word_1_316' title='bbox 467 4000 526 4061; x_wconf 90' lang='lat' dir='ltr'><strong><em>alio</em></strong></span> <span class='ocrx_word' id='word_1_317' title='bbox 548 4002 684 4061; x_wconf 89' lang='lat' dir='ltr'><strong><em>veterum</em></strong></span> <span class='ocrx_word' id='word_1_318' title='bbox 706 3999 884 4079; x_wconf 86' lang='lat' dir='ltr'><strong><em>scriptorum</em></strong></span> <span class='ocrx_word' id='word_1_319' title='bbox 905 4000 1083 4064; x_wconf 83' lang='lat' dir='ltr'><strong><em>mentionem</em></strong></span> <span class='ocrx_word' id='word_1_320' title='bbox 1104 4001 1213 4061; x_wconf 72' lang='lat' dir='ltr'><strong><em>iactam</em></strong></span> <span class='ocrx_word' id='word_1_321' title='bbox 1235 3999 1361 4073; x_wconf 80' lang='lat' dir='ltr'><strong><em>inuenio,</em></strong></span> 
     </span>
     <span class='ocr_line' id='line_1_33' title="bbox 83 4113 1363 4197; baseline 0.001 -23"><span class='ocrx_word' id='word_1_322' title='bbox 83 4113 230 4176; x_wconf 73' lang='lat' dir='ltr'><strong><em>uidentur</em></strong></span> <span class='ocrx_word' id='word_1_323' title='bbox 250 4130 321 4174; x_wconf 86' lang='lat' dir='ltr'><strong><em>esse</em></strong></span> <span class='ocrx_word' id='word_1_324' title='bbox 343 4113 530 4192; x_wconf 77' lang='lat' dir='ltr'><strong><em>singulorum</em></strong></span> <span class='ocrx_word' id='word_1_325' title='bbox 551 4118 748 4196; x_wconf 83' lang='lat' dir='ltr'><strong><em>privatorum,</em></strong></span> <span class='ocrx_word' id='word_1_326' title='bbox 771 4115 916 4193; x_wconf 87' lang='lat' dir='ltr'><strong><em>tramites,</em></strong></span> <span class='ocrx_word' id='word_1_327' title='bbox 941 4117 972 4176; x_wconf 92' lang='lat' dir='ltr'><strong><em>in</em></strong></span> <span class='ocrx_word' id='word_1_328' title='bbox 994 4115 1057 4177; x_wconf 91' lang='lat' dir='ltr'><strong><em>iure</em></strong></span> <span class='ocrx_word' id='word_1_329' title='bbox 1078 4116 1295 4197; x_wconf 85' lang='lat' dir='ltr'><strong><em>potestateque</em></strong></span> <span class='ocrx_word' id='word_1_330' title='bbox 1314 4130 1363 4194; x_wconf 85' lang='lat' dir='ltr'><strong><em>po-</em></strong></span> 
     </span>
     <span class='ocr_line' id='line_1_34' title="bbox 86 4226 1363 4310; baseline -0.002 -21"><span class='ocrx_word' id='word_1_331' title='bbox 86 4228 137 4290; x_wconf 79' lang='lat' dir='ltr'><strong><em>siti</em></strong></span> <span class='ocrx_word' id='word_1_332' title='bbox 159 4226 242 4289; x_wconf 91' lang='lat' dir='ltr'><strong><em>illius</em></strong></span> <span class='ocrx_word' id='word_1_333' title='bbox 262 4229 472 4308; x_wconf 86' lang='lat' dir='ltr'><strong><em>possessoris,</em></strong></span> <span class='ocrx_word' id='word_1_334' title='bbox 501 4231 552 4310; x_wconf 88' lang='lat' dir='ltr'><strong><em>qui</em></strong></span> <span class='ocrx_word' id='word_1_335' title='bbox 580 4229 657 4292; x_wconf 86' lang='lat' dir='ltr'><strong><em>tales</em></strong></span> <span class='ocrx_word' id='word_1_336' title='bbox 687 4246 744 4309; x_wconf 86' lang='lat' dir='ltr'><strong><em>per</em></strong></span> <span class='ocrx_word' id='word_1_337' title='bbox 771 4247 864 4309; x_wconf 73' lang='lat' dir='ltr'><strong><em>agros</em></strong></span> <span class='ocrx_word' id='word_1_338' title='bbox 891 4248 965 4291; x_wconf 87' lang='lat' dir='ltr'><strong><em>suos</em></strong></span> <span class='ocrx_word' id='word_1_339' title='bbox 993 4231 1023 4290; x_wconf 91' lang='lat' dir='ltr'><strong><em>in</em></strong></span> <span class='ocrx_word' id='word_1_340' title='bbox 1045 4248 1107 4291; x_wconf 85' lang='lat' dir='ltr'><strong><em>reru</em></strong></span> <span class='ocrx_word' id='word_1_341' title='bbox 1134 4248 1216 4291; x_wconf 87' lang='lat' dir='ltr'><strong><em>suam</em></strong></span> <span class='ocrx_word' id='word_1_342' title='bbox 1244 4228 1363 4310; x_wconf 79' lang='lat' dir='ltr'><strong><em>parauit.</em></strong></span> 
     </span>
     <span class='ocr_line' id='line_1_35' title="bbox 86 4341 1365 4427; baseline -0.005 -20"><span class='ocrx_word' id='word_1_343' title='bbox 86 4343 190 4427; x_wconf 85' lang='lat' dir='ltr'><strong><em>ltaque</em></strong></span> <span class='ocrx_word' id='word_1_344' title='bbox 211 4343 314 4423; x_wconf 86' lang='lat' dir='ltr'><strong><em>potius</em></strong></span> <span class='ocrx_word' id='word_1_345' title='bbox 335 4341 413 4404; x_wconf 84' lang='lat' dir='ltr'><strong><em>facio</em></strong></span> <span class='ocrx_word' id='word_1_346' title='bbox 436 4361 501 4404; x_wconf 85' lang='lat' dir='ltr'><strong><em>curn</em></strong></span> <span class='ocrx_word' id='word_1_347' title='bbox 522 4343 650 4426; x_wconf 88' lang='lat' dir='ltr'><strong><em>Poleno,</em></strong></span> <span class='ocrx_word' id='word_1_348' title='bbox 673 4344 862 4424; x_wconf 81' lang='lat' dir='ltr'><strong><em>explicante:</em></strong></span> <span class='ocrx_word' id='word_1_349' title='bbox 887 4343 1055 4423; x_wconf 83' lang='lat' dir='ltr'><strong><em>„vicinalos</em></strong></span> <span class='ocrx_word' id='word_1_350' title='bbox 1074 4345 1146 4407; x_wconf 83' lang='lat' dir='ltr'><strong><em>uiae</em></strong></span> <span class='ocrx_word' id='word_1_351' title='bbox 1167 4363 1225 4424; x_wconf 87' lang='lat' dir='ltr'><strong><em>per</em></strong></span> <span class='ocrx_word' id='word_1_352' title='bbox 1248 4342 1365 4408; x_wconf 62' lang='lat' dir='ltr'><strong><em>cannia</em></strong></span> 
     </span>
    </p>
   </div>
   <div class='ocr_carea' id='block_1_5' title="bbox 0 0 1460 4710">
    <p class='ocr_par' dir='ltr' id='par_1_7' title="bbox 0 0 1460 4710">
     <span class='ocr_line' id='line_1_36' title="bbox 0 0 1460 4710; baseline 0 0"><span class='ocrx_word' id='word_1_353' title='bbox 0 0 1460 4710; x_wconf 95' lang='lat' dir='ltr'><strong><em> </em></strong></span> 
     </span>
    </p>
   </div>
  </div>
 </body>
</html>
