2888 4710
505 236 914 319 duossimus

168 474 381 573 Principum.
431 470 548 550 Cuius
582 473 633 546 rei
666 495 774 545 causa
808 486 863 544 est
896 496 994 543 enar
1020 494 1165 544 eorum.
1207 470 1266 563 qui
1301 464 1340 540 ab

168 591 262 665 initio
286 612 410 688 parum
434 587 619 687 diligenter
642 590 918 682 uniuscuiusque
946 587 1102 659 iecerunt
1128 588 1341 659 aestimatio·

166 730 257 781 nem.
318 702 381 782 Ac
412 727 458 779 ne
490 721 585 779 metu
616 705 761 779 aestatis
795 715 854 776 aut
887 704 1081 775 siccitatum
1109 705 1142 775 in
1168 716 1342 775 tantuma

166 823 314 895 veritate
339 843 404 895 eos
429 821 631 895 recessisse
657 818 815 907 credam,
844 819 977 913 obstat,
1006 818 1121 915 quoad,
1151 826 1232 917 ipso
1259 820 1342 892 actis

166 937 342 1011 mensuris
367 935 464 1010 Julio
489 960 623 1033 meuse,
651 934 740 1009 hanc
766 936 1040 1030 uniuscuiusque
1067 922 1229 1033 comam,
1259 958 1343 1031 quae

167 1076 275 1150 supra
301 1051 433 1150 scripta
459 1061 526 1148 est,
554 1061 626 1127 totu
652 1051 822 1148 deinceps
848 1064 984 1124 aestate
1011 1050 1193 1125 durantem
1221 1050 1343 1149 expio·

165 1170 251 1241 ravi.
304 1164 547 1263 Quaecunque
571 1176 687 1241 tamen
713 1178 769 1240 est
794 1191 926 1260 causa,
955 1190 1045 1264 quae
1071 1167 1276 1264 praecedit,
1303 1166 1343 1238 il·

164 1283 370 1381 indutique
396 1282 596 1382 detegitur,
636 1280 758 1375 decem
797 1283 902 1357 millia
940 1284 1175 1378 quinariamm
1202 1284 1344 1358 interci-

166 1399 284 1492 disse3
319 1398 400 1473 dum
425 1396 598 1475 beneficia
624 1420 691 1472 sua
716 1396 906 1496 Principes
933 1397 1128 1472 secundum
1151 1397 1297 1474 modum
1313 1402 1343 1472 in

166 1515 423 1589 commentariis
449 1512 663 1612 adscriptum
687 1521 891 1611 temperant.

91 1630 142 1706 75
242 1629 411 1727 Sequens
438 1626 628 1707 diversitas
653 1640 729 1725 est,
764 1629 858 1725 quod
884 1629 974 1704 alius
999 1629 1127 1704 modus
1152 1632 1345 1730 concipitur

168 1746 211 1820 ad
237 1745 375 1841 capita,
403 1745 495 1819 alius
518 1767 585 1820 nec
611 1746 743 1843 exiguo
767 1747 880 1821 minor
914 1747 949 1819 in
974 1748 1146 1844 pisciniS,
1182 1748 1343 1824 minimus

201 2012 307 2076 decom
327 2011 436 2085 millia)
459 2011 534 2075 Scir.
555 2012 648 2090 legit:
669 2020 716 2076 iot
728 2013 835 2078 millia.
856 2016 1011 2088 annotans
1028 2022 1074 2076 tot
1094 2015 1126 2078 ci
1147 2013 1257 2081 decem
1275 2034 1342 2099 pcr-

161 2113 270 2174 muiari
284 2111 372 2174 etiam
393 2109 512 2192 Ulpica.
527 2110 644 2177 XXIV.
658 2116 707 2189 18,
722 2115 771 2175 li.
804 2111 947 2176 Cassiod.
967 2111 1039 2176 Var.
1061 2110 1117 2176 vl.
1141 2119 1191 2180 111.
1214 2114 1341 2181 vlico.

137 2272 141 2279 .
167 2209 216 2274 Cf.
239 2208 312 2276 Sch.
333 2209 389 2274 IV·
410 2215 442 2272 3.

193 2308 367 2394 Principes)
388 2309 417 2372 V
433 2312 465 2372 et
480 2308 555 2372 edu:
577 2308 903 2393 Princeps-temperat.

201 2415 234 2472 in
250 2413 416 2477 comment.)
437 2408 522 2471 flacc
542 2409 636 2471 verba
655 2411 768 2489 primus
789 2411 916 2473 inseruit
937 2409 1010 2472 Scir.
1051 2410 1188 2493 Repetas
1214 2414 1287 2481 Aa.
1307 2418 1341 2479 di

161 2512 193 2571 ct
208 2527 293 2592 seqq.

96 2626 127 2680 ⁷5
201 2609 269 2674 aec)
290 2606 371 2671 VF:
393 2625 462 2672 aaa.

200 2712 351 2780 minimus]
375 2706 418 2770 U:
440 2711 547 2770 minus.
566 2707 647 2771 Sch:
668 2712 803 2772 minimus
824 2710 961 2792 denique,
983 2714 1015 2772 et
1027 2711 1152 2777 deiude:
1176 2714 1342 2791 auant..

161 2808 372 2870 mmmm

202 2911 381 2973 continetur)
401 2905 446 2970 V:
470 2911 632 2972 continere.

203 3007 298 3071 Cuius
319 3010 366 3068 rei
386 3001 458 3068 etc.)
493 3006 523 3070 V
543 3005 583 3068 F:
607 3009 696 3068 cuias
715 3011 763 3069 rei
781 3008 873 3089 fraus
894 2990 944 3093 uu.

199 3103 287 3169 acuo)
308 3103 355 3168 lta
375 3101 411 3168 0.
433 3102 538 3170 Ceteri
558 3103 626 3166 libri
646 3124 741 3169 usum

204 3204 270 3269 seu
290 3212 321 3268 ei
337 3202 431 3287 pier.)
453 3202 495 3266 F:
515 3202 581 3267 Seu
598 3203 678 3287 pler.
700 3204 746 3268 v:
766 3207 832 3271 Sed
851 3209 1016 3294 plerisque.

200 3324 282 3390 aqua
303 3301 461 3368 circumi.)
490 3303 512 3366 1.
539 3320 569 3365 c.
598 3304 679 3365 circa
699 3322 821 3387 quorum
842 3327 935 3385 agros
973 3306 1038 3372 (scu
1071 3315 1181 3376 circum
1218 3316 1345 3381 confinia

159 3395 310 3480 agrorum)
331 3418 408 3484 aqua
429 3400 666 3465 circumducitur.
706 3402 817 3468 Fateor
846 3411 941 3470 tamen
974 3418 1144 3490 suspectam
1176 3413 1250 3478 mihi
1277 3432 1345 3478 csso

159 3503 330 3564 lectionem.
372 3498 461 3564 POL.
501 3499 586 3564 unu:
615 3516 714 3580 oquae
735 3506 1005 3571 circumducuntur.
1047 3510 1345 3596 vaticanorum.

158 3599 233 3662 Sola.
255 3598 347 3676 legitt
368 3603 549 3683 inquorum.
571 3596 651 3688 Quid
670 3602 763 3665 verba
778 3605 997 3685 simplicissima
1017 3610 1200 3691 significent,
1217 3631 1278 3677 auu
1299 3618 1348 3677 est

158 3697 356 3760 dubitandum.

199 3796 326 3860 subinde
342 3795 473 3876 formas)
493 3796 615 3861 nxuv
634 3796 708 3863 Pol:
729 3801 810 3864 inde.
833 3802 877 3867 C:
900 3806 989 3870 aude.
1010 3808 1096 3875 utu:
1115 3810 1242 3892 fraude.
1263 3816 1346 3897 quod

158 3895 282 3958 retinuit
322 3893 424 3972 Son,
447 3897 570 3958 vertens
594 3898 770 3976 ‚,buslioh“.
806 3902 871 3965 Noc
893 3909 995 3968 versio
1017 3908 1129 3988 piacet,
1152 3928 1211 3974 occ
1231 3911 1345 3977 lectio:

157 3998 240 4056 fraus
262 3994 353 4063 cuim
392 3992 456 4053 sere
487 3998 535 4055 ast
555 3999 751 4078 aquariorum.
794 4001 957 4067 Emendavi
977 4006 1113 4072 subinde.
1155 4009 1345 4077 Vocabulum

156 4094 300 4155 Frontino
321 4096 460 4170 auratum3
482 4110 590 4155 sensus
613 4099 774 4179 egregius3
796 4102 883 4165 locus
897 4106 1062 4169 simillimus
1078 4108 1147 4171 Art.
1164 4115 1240 4175 1111
1262 4113 1348 4195 quod

155 4191 284 4256 subinde
304 4199 335 4254 ot
354 4195 421 4255 aiae
441 4209 540 4255 causa
559 4191 692 4271 foratum
712 4204 849 4264 vitiator.
871 4203 1043 4286 Deformis
1063 4226 1094 4270 v.
1116 4208 1246 4273 Aunott.

198 4296 309 4353 itinera
328 4296 431 4373 susp.)
452 4288 632 4353 Hominibus
651 4303 784 4375 privatis
806 4301 933 4386 (datin.)
956 4307 977 4367 i.
995 4324 1023 4368 e.
1044 4307 1081 4367 ad
1105 4309 1346 4374 commoditatem

153 4392 344 4471 privatorum.
381 4386 407 4453 0
429 4387 455 4452 11
476 4406 533 4451 om.
555 4404 660 4467 ouum
681 4400 760 4474 quod
781 4402 898 4464 restitui
920 4422 960 4468 ex
975 4403 994 4467 1
1010 4405 1161 4473 lectionar
1182 4408 1236 4474 oct
1253 4408 1298 4473 ad
1312 4410 1345 4471 1.
