2888 4710
74 176 124 251 ao
408 178 480 255 llll
513 176 705 271 Atinam
742 175 1023 259 llUO'VlBUS.

176 434 295 483 earum
323 418 405 507 riost
430 408 553 484 hortos
578 410 839 507 Pallantianos,
875 425 913 486 et
943 410 1023 485 inde
1058 417 1092 485 in
1119 432 1226 485 usum
1252 410 1355 489 [lrlis

176 524 303 599 listulis
330 524 550 619 diducuntur.
600 526 745 599 Partem
779 539 906 601 lamen
925 532 983 605 sui
1017 525 1172 605 Claudia
1205 526 1304 625 prius
1327 529 1357 599 in

176 665 292 735 arcus,
321 646 380 737 qui
406 655 579 715 uocantur
604 641 807 739 Neroniani,
836 641 880 715 ad
907 641 1020 741 Spem
1046 642 1220 717 Veterem
1245 651 1357 715 tram·

175 757 253 829 sert.
289 756 339 830 lli
366 756 488 831 directi
514 781 578 855 per
603 756 766 834 Coelium
792 772 946 833 montem
974 759 1072 833 iuxta
1097 759 1267 857 templum
1278 758 1358 833 lliri

173 870 314 948 Claudii
340 874 574 948 terminantur.
625 873 783 970 Modum,
812 897 916 971 quem
941 886 1167 973 acceperuut,
1196 885 1260 949 aut
1271 876 1358 949 cirea

172 989 287 1085 ipsum
314 1000 464 1062 rmmtem
497 987 685 1084 Coelium,
727 1001 786 1063 aut
811 991 844 1063 in
869 989 1044 1065 Palatium
1069 990 1358 1087 Auentinumque

175 1118 211 1177 et
234 1104 416 1201 regionem
443 1104 744 1180 'l'ranstiberinam
772 1104 952 1180 dimittunt.

98 1217 145 1290 at
274 1218 372 1293 Anio
406 1232 509 1295 uetus
545 1223 640 1295 circa
673 1220 730 1296 Ν
763 1221 955 1295 milliarium
982 1221 1070 1295 inira
1095 1221 1211 1315 Novi,
1249 1228 1357 1319 quia

173 1338 233 1408 nia
258 1335 387 1409 Latina
413 1338 445 1408 in
461 1335 679 1411 Lauicanam
708 1342 786 1432 itur,
814 1361 920 1410 arcus
946 1340 1086 1432 traiicit,
1115 1350 1150 1413 et
1177 1340 1224 1413 ibi
1250 1338 1357 1437 pisci-

176 1477 255 1525 nam
282 1450 396 1525 habet.
447 1453 536 1526 lnde
561 1455 649 1526 intra
675 1451 712 1525 ll
738 1453 935 1526 milliarium
961 1466 1094 1550 partem
1128 1453 1248 1529 datin
1275 1478 1357 1553 spe·

174 1592 272 1663 cum,
308 1569 367 1663 qui
401 1582 548 1653 uocatur
582 1567 824 1663 Octauianus,
860 1580 895 1641 et
928 1570 1089 1665 per-venit
1118 1570 1153 1643 in
1179 1571 1358 1668 regionem

174 1685 255 1757 riae
271 1683 411 1757 Nouae
439 1684 482 1757 ad
509 1683 632 1757 hortos
648 1684 858 1780 Asinianos,
887 1683 979 1757 unde
1004 1684 1188 1782 perillum
1214 1698 1356 1760 tractum

172 1797 399 1872 distribuitur.
445 1799 583 1873 Rectus
610 1824 696 1873 uero
723 1799 862 1894 ductuS,
891 1799 1084 1873 secundum
1112 1797 1227 1900 Spem
1243 1802 1356 1877 Vete-

174 1938 249 1987 rem
275 1920 424 1988 veniens
449 1916 537 1989 intra
562 1927 697 2013 portam
722 1915 959 2013 Exquilinam,
997 1920 1031 1989 in
1058 1916 1148 1991 altos
1175 1918 1276 1991 rivos
1301 1942 1357 2015 per

172 2028 308 2106 Urbem
335 2029 516 2106 diducitur.

70 2258 374 2279 —o-n—-q--u-n

173 2365 286 2427 lectura
307 2364 473 2426 addendum
496 2367 583 2426 circa
603 2364 682 2426 lanc
703 2367 802 2445 ipsum
822 2370 958 2427 montem.
996 2363 1027 2425 A
1048 2361 1159 2451 cetaria
1180 2362 1259 2449 enlm
1281 2361 1354 2425 llinis

170 2462 261 2526 abest
282 2464 429 2528 Coelium.
1376 2454 1379 2461 ¹

218 2567 372 2642 racionem
388 2567 516 2635 transt.)
539 2561 587 2624 V:
608 2570 716 2625 onesi.
737 2580 803 2641 req.
824 2560 843 2621 J
865 2564 895 2623 et
916 2572 985 2623 rec:
1007 2563 1038 2623 in
1055 2567 1165 2621 tranat.
1188 2580 1257 2643 reu.
1368 2600 1376 2623 .

108 2681 139 2733 21
215 2645 300 2744 iufra
321 2660 600 2745 Maiandria.)
639 2665 719 2722 citra
745 2659 797 2722 Ν
815 2679 854 2721 m.
872 2702 881 2720 .
899 2704 908 2724 .
927 2701 936 2719 .
954 2700 991 2719 ..
1023 2678 1044 2720 a
1064 2658 1106 2720 L.
1128 2663 1161 2721 in
1181 2659 1355 2723 Littera

61 2790 69 2809 ·
175 2770 239 2827 tr..·
260 2771 291 2824 et
309 2765 377 2846 ipse
395 2766 477 2845 piac.
519 2760 637 2835 Verba,
667 2777 742 2841 quae
771 2757 993 2837 desiderantur,
1020 2758 1227 2821 indicaverunt
1255 2758 1355 2835 lacum,

177 2861 227 2922 nbi
248 2860 328 2921 Anio
351 2859 449 2922 Vetus
470 2858 674 2921 traiiclehatar
695 2860 772 2920 inter
792 2871 896 2920 arcus:
918 2858 968 2940 qul
988 2856 1074 2919 locus
1094 2857 1171 2920 intra
1191 2858 1262 2921 vas
1277 2856 1357 2921 Lat

176 2958 212 3021 L.
235 2964 300 3022 erat
321 2961 396 3021 citra
416 2958 461 3021 Ν
477 2957 549 3020 mill.
571 2955 660 3021 Pon.
682 2957 784 3034 Lege:
798 2960 893 3031 ,circu
913 2955 967 3019 Ν
981 2976 1019 3018 m.
1041 2961 1136 3018 intrat
1153 2960 1186 3019 in
1201 2960 1294 3037 aian,
1314 2958 1358 3041 qai

178 3078 199 3120 a
219 3058 294 3120 Lat.
317 3062 347 3119 in
369 3058 410 3119 L.
432 3062 511 3119 inter
531 3075 553 3117 a
573 3067 612 3118 tr.
636 3054 822 3120 GOBRAD.
847 3052 940 3138 (quae
961 3056 1080 3137 recepit
1096 3054 1227 3131 -Adlcr).
1260 3056 1357 3133 logo:

177 3162 263 3221 circa
284 3156 337 3221 IV
352 3177 390 3242 m.
412 3160 556 3219 intralia
578 3160 685 3234 rinnm,
707 3159 757 3239 qni
777 3175 799 3217 a
818 3153 938 3222 Larini
958 3158 990 3217 ia
1010 3155 1051 3217 L.
1073 3158 1153 3217 inter
1172 3174 1204 3219 a.
1224 3163 1268 3217 tr.
1295 3154 1359 3239 Art.

178 3263 236 3318 io:
258 3259 326 3319 rico
348 3253 451 3317 intrat.
494 3255 578 3318 later
598 3273 701 3333 aream,
729 3255 811 3335 quod
832 3254 930 3331 vulgo
952 3258 1000 3317 est
1018 3273 1077 3337 per
1097 3271 1197 3316 arcus.
1232 3254 1313 3317 nuk.
1328 3252 1361 3315 m

176 3354 259 3419 l'lor.
280 3376 312 3437 p.
332 3359 405 3418 311.
441 3355 572 3417 Traiicit
590 3372 640 3433 ae,
672 3353 822 3435 exquisite
850 3352 959 3415 dictum
980 3372 1035 3434 pro
1058 3354 1245 3429 transfertur,
1267 3356 1362 3415 mne

180 3456 213 3516 it.
263 3453 388 3517 Primum
423 3453 526 3516 dclluit
550 3454 635 3514 rivus
661 3450 714 3513 vii
741 3450 864 3532 Latinit3
900 3452 1008 3514 deiude
1042 3452 1080 3513 ab
1111 3450 1171 3513 lroo
1197 3448 1304 3515 alliena
1327 3450 1362 3513 ad

181 3554 259 3616 Lan.
287 3572 322 3615 sc
344 3555 462 3616 confert
489 3557 520 3615 et
540 3550 616 3613 lrauc
638 3551 781 3632 sequitur.
828 3550 968 3614 aaran.
1006 3549 1082 3615 Sela.
1111 3547 1263 3630 duliltaus,
1289 3568 1363 3633 quo-

55 3682 56 3686 =
182 3652 271 3713 niodo
293 3651 391 3714 locum
412 3655 576 3733 conceptae
598 3647 762 3712 sententiae
784 3650 1029 3729 accommodaret,
1050 3649 1081 3711 in
1102 3650 1170 3712 text
1190 3666 1255 3711 rac.
1277 3649 1363 3727 legit:

89 3816 93 3827 ,
181 3753 263 3813 Anio
288 3748 326 3813 V.
347 3754 471 3813 veniens
492 3754 571 3814 citra
593 3747 649 3813 Ν.
670 3768 710 3809 m.
731 3750 813 3810 intra
840 3767 950 3810 nocam
974 3752 1083 3825 m'nrn,¹
1111 3766 1197 3835 qnae·
1217 3766 1240 3810 a
1266 3748 1308 3811 L.
1337 3752 1365 3809 in

181 3850 221 3914 L.
242 3853 319 3913 inter
343 3869 365 3911 a
392 3857 448 3926 tn,
474 3856 565 3913 etiam
586 3848 628 3911 ili
646 3852 728 3931 piac.
761 3845 816 3929 [de
844 3866 923 3909 nova
947 3848 999 3909 via
1025 3865 1123 3909 senua
1144 3845 1196 3909 luia
1217 3865 1290 3915 enac
1309 3832 1367 3909 aaa

181 3945 316 4030 palmi).
339 3948 368 4009 in
389 3952 453 4010 not.
475 3966 524 4012 ert
567 3951 647 4012 Anio
673 3948 710 4011 V.
742 3951 824 4011 canit
844 3951 924 4010 citra
943 3945 995 4009 Ν
1010 3966 1060 4024 nn,
1074 3945 1133 4035 ¹ndi
1153 3950 1286 4009 intratur
1304 3950 1366 4021 cia,

185 4067 263 4130 qnae
282 4067 304 4109 n
324 4048 364 4111 L.
386 4050 417 4109 in
438 4047 478 4109 L.
505 4051 583 4113 inter
603 4068 624 4110 a
644 4058 696 4128 tn,
718 4054 787 4133 ipsc
805 4051 886 4130 piac.
916 4046 1018 4120 (nulla
1045 4040 1203 4126 aynan).
1241 4044 1366 4129 denique

183 4147 223 4212 V.
245 4150 265 4209 3
286 4147 392 4224 legere
414 4147 549 4209 videtum
585 4150 666 4209 Anio
693 4148 727 4211 V.
750 4153 829 4210 citra
852 4145 899 4209 Vl
915 4165 964 4224 m,
984 4132 1035 4221 uli
1055 4148 1186 4207 intratur
1204 4146 1270 4223 cia,
1291 4162 1368 4229 quac

187 4279 228 4290 —-
250 4255 301 4326 tr,
337 4245 381 4309 idi
414 4250 495 4329 piac.
533 4249 608 4316 (uon
640 4245 807 4326 spamaudi
842 4240 1041 4319 coniceturi).
1084 4242 1147 4307 Sed
1173 4240 1367 4323 'inspicimus

181 4344 290 4408 lilrros.
327 4344 374 4411 o:
395 4348 484 4427 Anna
505 4354 593 4409 velus
615 4348 694 4408 citra
714 4353 852 4429 quartum
872 4345 1033 4406 miliarium
1054 4346 1136 4405 intra
1155 4346 1248 4409 nocie
1281 4342 1365 4417 (Pal.
