2888 4710
564 196 889 277 anduennio.
1217 200 1365 279 XXVII

74 449 310 527 haeredes
347 447 556 549 Philippi
592 447 776 523 Juntae.
831 442 940 544 (12).
1011 443 1054 519 ln
1100 441 1167 519 lrac
1212 446 1364 524 editione

75 584 227 683 epistola
251 581 419 678 Jocundi,
447 603 556 678 supra
582 579 733 654 anobis
759 579 879 671 relata,
908 575 1146 652 desideratur:
1173 586 1210 653 at
1234 589 1363 676 errata,

75 739 169 814 quae
195 716 230 789 in
255 700 303 789 ea
324 712 380 789 ed.
405 710 452 787 ud
476 711 610 787 calcem
635 719 736 785 erant
769 714 956 806 recensita,
995 709 1031 783 in
1064 708 1130 783 lrao
1162 682 1241 784 suis
1274 712 1366 786 locis

74 849 176 923 suere
216 844 409 921 emendata.
464 840 574 920 Anno
600 852 684 942 post
719 839 809 917 hunc
847 841 921 941 [-
944 842 1174 941 transscripsi
1199 843 1287 918 haec
1319 868 1367 919 ex

73 978 203 1056 Poleni
228 977 376 1076 Proleg.
401 1002 436 1077 p.
459 974 512 1050 23
534 973 610 1074 ·-]
654 975 722 1049 ulia
755 974 881 1048 iterum
913 973 1018 1048 editio
1051 975 1210 1050 Frontini
1242 986 1368 1051 secuta

75 1119 145 1207 est,
182 1132 229 1183 ex
253 1132 309 1206 ea,
345 1107 391 1182 de
416 1130 484 1205 qua
510 1105 689 1205 posterius
716 1104 881 1201 diximus,
916 1104 1104 1206 descripta,
1141 1109 1198 1181 cui
1221 1109 1366 1185 titulus:

71 1243 125 1317 Μ.
150 1240 310 1316 Vitruvii
349 1237 394 1314 do
429 1237 682 1315 Architectura
718 1237 799 1313 libri
837 1236 972 1332 decem,
1013 1262 1149 1313 summa
1188 1240 1369 1340 diligentia

75 1374 250 1471 recogniti
275 1382 380 1469 atque
414 1372 550 1445 excusi.
601 1368 696 1447 Cum
720 1371 894 1445 nonnullis
920 1369 1047 1468 liguris
1073 1372 1141 1446 sub
1167 1373 1235 1448 lroc
1261 1375 1369 1474 signo

72 1506 215 1605 positis,
235 1492 431 1602 'nunquam
463 1512 566 1579 antea
599 1504 795 1602 expressis.
847 1500 993 1577 Additis
1018 1502 1106 1577 Julii
1129 1505 1289 1579 Frontini
1323 1506 1368 1581 do

75 1635 376 1736 Aquaeductibus
401 1636 512 1733 libris,
541 1646 684 1735 propter
707 1634 875 1709 materiae
900 1633 1112 1709 affinitatem.
1156 1635 1230 1712 An.
1256 1636 1368 1713 1523.

75 1768 189 1868 (12).
239 1766 329 1848 Sine
355 1768 425 1843 loci
456 1777 491 1843 et
527 1766 739 1868 typographi
776 1766 925 1842 indicio:
964 1792 1010 1844 ex
1051 1777 1216 1869 typorum
1252 1778 1369 1844 tamen

75 1901 451 2001 liguralraecquoque
479 1899 1072 1974 ed.Florentinaessevidetur.
1122 1900 1229 2001 Duae
1241 1910 1370 2001 poste-¹

76 2036 196 2109 riores
223 2033 395 2107 editiones
419 2055 536 2130 neque
560 2032 650 2106 inter
675 2055 718 2105 se
743 2040 826 2105 sunt
849 2030 1025 2129 diversae,
1053 2056 1168 2130 neque
1194 2035 1299 2108 etiam
1324 2034 1370 2110 ab

72 2167 159 2244 Joc.
193 2165 355 2262 editione,
395 2187 487 2262 quae
521 2165 711 2265 separatim
742 2188 880 2239 excusa
911 2174 978 2260 est,
1018 2164 1190 2239 dilleruut
1244 2165 1370 2265 Atque

74 2322 182 2374 unam
209 2322 258 2373 ex
281 2296 337 2372 his
364 2296 585 2396 editionibus,
612 2298 692 2371 sive
718 2295 911 2371 secundam
940 2297 1019 2371 sive
1044 2299 1191 2395 tertiam,
1220 2307 1369 2373 secutus

75 2418 135 2506 est
158 2430 332 2529 Polenus,
371 2429 501 2527 inqua
527 2428 583 2504 hic
607 2430 664 2504 vir
689 2428 815 2504 doctus
842 2453 953 2528 saepe
977 2429 1136 2528 eandem,
1177 2431 1282 2506 immo
1308 2431 1369 2506 vel

72 2563 245 2639 maiorem
282 2560 446 2636 fiduciam
483 2562 589 2660 ponit,
644 2585 747 2660 quam
785 2562 821 2635 in
859 2562 939 2660 ipso
979 2561 1101 2637 codice
1142 2560 1369 2640 Cassiuensi.

73 2696 201 2772 Multis
226 2695 382 2769 numeris
409 2692 554 2769 diversa
579 2704 636 2766 est
661 2719 683 2768 a
708 2695 1013 2792 praestantissima
1039 2694 1192 2769 editione
1212 2695 1370 2771 ,locundi

74 2827 199 2926 prima,
240 2850 332 2924 quae
364 2825 535 2900 succedat
566 2825 670 2900 nobis
703 2826 739 2899 in
772 2827 889 2901 locum
923 2825 1056 2900 codicis
1083 2828 1224 2925 antiqui,
1265 2833 1371 2902 cuius

73 2959 265 3035 Parisinus
300 2968 357 3033 est
389 2957 642 3057 apographum,
683 2980 844 3056 quaeque
876 2957 921 3033 de
953 2956 1047 3033 illius
1075 2959 1209 3034 codicis
1234 2961 1372 3035 iactura

76 3090 335 3191 quodammodo
359 3115 428 3166 nos
455 3090 668 3166 consoletur.
729 3085 730 3088 ’

174 3223 238 3300 Ex
263 3222 413 3300 editione
437 3223 604 3320 Jocundi,
645 3244 715 3322 qua
737 3222 898 3298 Polenus
923 3248 1014 3298 usus
1040 3232 1109 3322 est,
1148 3223 1369 3323 posteriores

74 3355 246 3454 deinceps
285 3355 458 3430 editiones
494 3356 664 3455 repetitae
702 3365 795 3452 sunt,
841 3358 966 3455 paucis
1005 3357 1157 3430 mutatis.
1210 3353 1372 3449 Quarum

75 3490 188 3588 primo
214 3489 294 3563 loco
321 3487 483 3587 ponenda
508 3498 575 3584 est,
604 3511 696 3585 quae
721 3490 916 3563 continetur
941 3488 1051 3563 libro:
1090 3488 1373 3589 Fragmenta

75 3621 518 3695 vetustissimorum
550 3634 787 3696 auctorum
812 3644 980 3695 summo
1006 3621 1162 3697 studio
1188 3646 1239 3696 ac
1265 3621 1372 3696 dili·

74 3753 234 3850 gentia
254 3777 370 3831 nunc
391 3755 649 3852 recognita.
699 3753 921 3827 Basileae
948 3776 1010 3827 an.
1037 3752 1148 3829 1530.
1173 3753 1373 3852 apudJo.
1405 3778 1417 3801 ‘

76 3884 330 3959 Bebelium.
392 3884 435 3960 In
474 3908 542 3982 quo
568 3885 761 3959 Frontinus
804 3886 1024 3960 inscribitur:
1078 3885 1218 3967 Sexti
1256 3885 1373 3962 Julii

76 4018 293 4091 Frontini
319 4018 411 4092 viri
437 4016 719 4095 Consularis
746 4015 799 4092 de
823 4016 1214 4115 Aquaeductibus
1239 4020 1372 4094 urlris

78 4147 247 4224 Romae
284 4150 360 4225 lib.
398 4150 447 4225 Π.
498 4150 539 4225 ln
565 4149 792 4224 praefatione
831 4148 875 4223 ad
913 4151 1082 4226 lectorem
1115 4152 1286 4226 Bebelius
1326 4149 1371 4225 de

78 4282 181 4355 nimis
208 4280 402 4382 depravato
427 4283 588 4358 Frontini
613 4283 729 4357 libello
757 4285 913 4379 queritur
937 4285 1006 4357 ita:
1048 4282 1205 4376 ,Annixi
1231 4305 1368 4380 sumus,

79 4423 244 4510 quantum
271 4440 335 4520 per
360 4416 412 4490 rei
437 4425 510 4492 turn
545 4415 794 4515 difficultatem,
834 4428 909 4491 tum
939 4416 1113 4515 temporis
1134 4415 1383 4510 longinupius-
