2888 4710
438 113 510 187 DE
535 113 726 206 notan
751 114 1030 195 DUC'rtctJS.
1304 111 1378 186 121

95 359 276 418 structura
310 359 488 439 constant,
525 371 625 442 quam
662 364 697 421 et
727 351 804 421 suis
834 349 1048 446 temporibus
1081 364 1116 421 et
1141 345 1278 419 fitlelem

95 460 175 533 steri
201 475 347 557 oportet.
398 460 568 535 ldoneum
593 474 789 538 structurae
814 477 952 561 tempus
980 480 1035 537 est
1060 489 1081 536 a
1104 460 1277 535 Kalendis

96 576 288 674 Aprilibus
322 580 356 650 in
388 577 574 650 Kalendas
599 579 846 653 Novembres:
883 582 929 653 ita
961 594 1000 651 ut
1034 584 1199 676 optimum
1232 578 1278 646 sit

96 693 322 765 intermittere
355 717 431 766 eam
464 710 598 791 partem
632 697 795 785 aestatim
834 719 923 790 quae
956 696 1069 767 nimiis
1102 692 1277 767 caloribus

98 807 337 899 incandescit3
377 818 458 905 quia
491 823 763 906 temperamento
798 811 885 883 coeii
921 834 1011 907 opus
1046 822 1119 905 est,
1159 826 1194 879 ut
1231 833 1275 879 ex

98 922 242 995 humore
282 927 463 1000 commode
502 940 675 999 structura
710 926 884 1000 combibat
917 939 953 998 et
984 928 1018 997 in
1050 926 1276 997 universitate

97 1039 353 1113 corroboretur.
403 1042 483 1114 Non
515 1044 628 1115 minus
661 1060 792 1125 autem,
830 1066 930 1137 quam
957 1042 1031 1131 sol,
1066 1042 1181 1113 acrior
1206 1064 1275 1136 ge-

96 1154 177 1227 latio
213 1158 381 1253 praecipit
414 1160 618 1231 materiam:
659 1184 725 1232 nec
758 1158 864 1231 ullum
898 1182 988 1256 opus
1023 1156 1277 1253 diligentiorem

97 1273 213 1367 poscit
244 1296 379 1366 cinam,
416 1298 516 1369 quam
545 1273 637 1369 quod
663 1298 775 1370 aquae
803 1275 1022 1347 obstaturam
1048 1286 1113 1344 est.
1163 1269 1273 1343 nites

94 1393 213 1483 itaque
240 1389 316 1460 eius
342 1413 406 1485 per
431 1391 570 1485 singula
596 1390 789 1464 secundum
815 1391 948 1486 legem,
977 1401 1093 1461 nutam
1114 1385 1273 1460 omnibus

92 1501 159 1575 sed
186 1529 208 1575 a
233 1510 357 1599 paucis
385 1503 627 1587 observatam.
663 1505 835 1611 exigenda
862 1518 927 1578 est.
978 1502 1068 1575 Illud
1095 1502 1176 1575 nulli
1203 1500 1270 1573 du·
1297 1496 1371 1572 124

90 1758 320 1775 —m—

88 1908 152 1951 non
174 1889 294 1950 multum
317 1891 454 1953 discessi.
494 1891 539 1951 Eu
561 1892 770 1952 sententiarum
794 1896 902 1969 caput:
925 1890 1002 1950 niurii
1025 1888 1142 1949 calores
1163 1888 1272 1947 nocent

87 1993 278 2052 structurae:
299 2007 359 2050 nou
381 1989 474 2050 miuus
495 1995 584 2052 nocet
605 1989 735 2067 galatica
757 1988 908 2068 plurimum
931 1992 1027 2048 autem
1048 1993 1138 2048 nocet
1158 2003 1243 2065 aqua.

130 2100 163 2152 et
184 2094 217 2150 in
238 2093 369 2160 unitate)
397 2088 444 2151 V:
467 2099 498 2150 ct
517 2092 669 2149 munitate.
698 2089 721 2149 F
739 2087 782 2150 0:
804 2099 834 2149 et
853 2092 1003 2149 siccitate.

129 2188 208 2251 Noa
228 2192 324 2249 minua
345 2192 420 2261 etc.)
442 2189 622 2249 Accuratius
644 2188 800 2268 inquirenti
822 2189 864 2248 sic
886 2186 1056 2248 necessario
1074 2189 1271 2262 transponen-

87 2289 145 2349 dus
166 2286 237 2348 mibi
258 2287 417 2348 videbatur
437 2286 543 2365 locus,
565 2287 661 2347 adbuc
684 2288 863 2347 constitutus
884 2285 963 2346 bunc
985 2288 1014 2345 iu
1037 2285 1172 2346 mudum:
1195 2281 1270 2342 Noa

84 2394 184 2451 mittun
206 2397 305 2448 uatem
325 2386 376 2447 sol
396 2391 516 2462 ucrtar,
539 2406 625 2468 pacm
645 2387 760 2465 petatio
766 2430 775 2463 ,
796 2405 903 2466 praee.
919 2419 959 2426 —
986 2382 1059 2445 Cet
1075 2382 1119 2445 b:
1143 2382 1268 2444 celatia.

125 2486 185 2549 n'ec
203 2487 311 2556 cltum)
345 2486 374 2546 V
391 2489 422 2546 et
439 2486 506 2546 edd.
523 2499 593 2547 rec:
615 2485 825 2569 coquentium.

40 2578 48 2587 ⁸
127 2606 218 2671 prtum
239 2580 341 2667 quau)
371 2585 400 2645 V
415 2584 455 2646 F:
478 2604 663 2666 quamquam.

126 2692 211 2759 etue)
241 2685 269 2746 b'
285 2684 310 2745 11
329 2703 386 2744 om.
421 2683 511 2744 Iidem
535 2684 628 2745 inira:
651 2685 708 2745 scd
726 2688 850 2765 paucis.
873 2701 930 2743 nun
952 2682 1039 2743 male.

123 2789 298 2868 praeimus)
326 2782 373 2844 V:
394 2787 541 2864 propriae
563 2783 673 2845 ductus
695 2804 735 2844 uc
757 2788 815 2866 qui.
845 2783 883 2846 F:
904 2785 1051 2863 proprior
1071 2782 1180 2842 dotatus
1202 2783 1262 2861 poi.
1299 2788 1347 2846 124

125 2907 148 2947 u
174 2884 235 2946 Vt]
253 2883 350 2957 mitt.)
379 2882 432 2943 Sic
462 2901 502 2943 ex
527 2884 608 2945 nro.
632 2886 661 2943 i.
684 2889 713 2943 a.
739 2887 785 2944 tt.
811 2888 846 2944 15
874 2882 1040 2943 ernetniarit
1071 2880 1138 2941 Pul.
1182 2878 1264 2939 Libri

83 3002 189 3047 omncs
210 2989 242 3044 et
263 2980 353 3044 Scb.:
374 2980 432 3042 vt.

123 3082 237 3162 siapaii
256 3086 352 3153 enat.)
382 3078 426 3143 C:
447 3082 576 3161 oinpolic
595 3086 735 3143 sustinet.

122 3186 267 3243 maiorem
286 3213 326 3224 ·-
349 3176 527 3259 deentnent)
561 3180 610 3241 Ex
634 3181 681 3241 eti.
702 3200 749 3259 pr.
773 3200 829 3242 sua
849 3181 921 3245 rot:
949 3183 1047 3241 mutar
1065 3197 1143 3259 pura
1162 3196 1262 3259 apua-

80 3302 146 3345 rum
170 3279 279 3343 Urbem
301 3278 451 3340 destituet.
480 3299 535 3342 nec
558 3280 643 3341 aliter
666 3280 777 3356 legitur
803 3283 833 3342 iu
855 3282 965 3342 ceteris
987 3297 1061 3361 quas
1082 3277 1155 3338 nuri
1177 3276 1261 3350 edri..

80 3382 134 3442 seri
157 3379 285 3441 Romam
306 3378 406 3440 addito
423 3384 493 3458 pust
512 3379 629 3441 Urbem.
657 3380 763 3440 Lectio
786 3400 858 3440 saur
876 3379 1028 3439 cornmoda
1045 3380 1092 3437 est
1109 3382 1138 3437 et
1155 3374 1261 3435 facilis.

80 3479 194 3543 Contra
215 3481 246 3538 iu
268 3477 361 3538 tribus
383 3478 470 3538 codri.
493 3478 602 3540 video:
629 3485 770 3541 erratorem
790 3489 908 3559 purtem
928 3499 978 3560 up.
1003 3475 1093 3538 Urbis
1114 3475 1266 3536 destituet.

78 3579 158 3659 quud
176 3577 297 3637 retinuit
312 3576 403 3653 Scin,
428 3578 569 3638 destituet
584 3585 695 3640 mutato
713 3581 742 3638 iu
761 3578 948 3652 destitueret,
971 3576 1116 3639 renuens:
1138 3592 1173 3635 su
1193 3574 1264 3634 dass

78 3674 145 3739 ihre
167 3675 432 3753 Untcrbrecbung,
455 3696 541 3737 uena
564 3679 610 3737 sie
633 3677 859 3754 ambiguam,
882 3679 969 3736 eiucn
990 3683 1154 3751 grossercn
1171 3671 1261 3733 Tbcii

78 3776 132 3837 tier
159 3775 324 3838 (iecisset
353 3777 406 3836 dur
432 3774 521 3836 Stetit
547 3775 740 3837 blossstelien
768 3775 882 3835 wttrdc.
925 3776 1006 3835 Bene
1035 3775 1066 3835 it
1088 3774 1202 3855 quidem
1225 3792 1260 3834 sc

77 3873 221 3952 baberet,
245 3874 269 3934 si
291 3874 449 3936 Frontinus
471 3876 665 3954 scripsisset:
687 3875 746 3935 bac
769 3871 812 3954 [i.
830 3892 856 3934 c.
881 3873 955 3934 baec
978 3893 1045 3949 res,
1067 3871 1143 3933 baec
1165 3874 1260 3934 inter-

76 3975 193 4053 ruptio)
222 3979 365 4034 maiorem
394 3980 452 4035 etc.
505 3975 615 4035 blriior
644 3981 692 4034 est
718 3974 884 4033 cruentatio
912 3971 1087 4034 Curradiui:
1117 3977 1260 4034 maiorem

72 4084 194 4154 purtem
210 4106 249 4115 —
268 4073 442 4147 destituent,
466 4091 509 4135 sc.
533 4075 576 4133 ilii
600 4074 717 4134 tuctus.
755 4073 886 4153 Eamque
908 4073 1160 4150 emendationem,
1183 4089 1259 4152 quac

74 4171 203 4232 acutld.
226 4171 337 4232 lineali
360 4176 468 4233 tantum
493 4172 610 4233 litterae
636 4195 653 4234 e
674 4172 868 4251 imponentia,
897 4190 915 4233 a
936 4171 1063 4232 librariis
1083 4190 1137 4251 pro
1161 4169 1257 4230 lubitu

74 4280 105 4333 et
135 4272 247 4332 amissa
274 4277 304 4332 rt
330 4272 445 4351 addita,
476 4272 588 4352 ditiori,
617 4290 809 4333 recantasse
833 4273 943 4332 iudica.
986 4272 1164 4332 Destituere
1176 4269 1204 4345 fr.
1228 4286 1256 4328 e.
