2888 4710
473 1132 1001 1249 buamundum

638 1446 810 1502 'dwe-

85 1693 334 1839 lntendente
385 1786 520 1837 omnem
571 1764 722 1840 animum
760 1791 950 1865 curamque
988 1766 1034 1877 ⁴in
1078 1765 1164 1844 Julii
1202 1764 1377 1847 caesaris

93 1894 377 1975 Commentarios
415 1920 508 1970 nova
547 1901 766 1974 annotatione
804 1901 924 1974 critica
965 1896 1186 2009 adornandos
1220 1900 1376 1977 circum-

27 2102 30 2107 .
92 2038 344 2129 spectanteque
380 2028 558 2127 praesidia
596 2029 677 2105 huic
714 2033 861 2108 consilio
895 2031 1123 2130 exsequendo
1157 2032 1377 2134 necessaria,

32 2244 35 2249 ,
91 2185 231 2236 mecum
263 2161 470 2260 necopinato
501 2162 583 2237 ult.
609 2162 837 2242 ΤΗΕΟΡΗ.
862 2162 1233 2264 WELOKERUS,
1273 2166 1378 2243 cuius

48 2374 52 2380 ,
93 2294 221 2368 summi
244 2292 313 2367 viri
337 2294 473 2393 gratiae
499 2294 741 2394 amicitiaeque
767 2295 849 2393 quid
875 2295 1023 2372 debeam
1048 2295 1167 2372 dicere
1191 2321 1262 2373 non
1285 2322 1378 2399 pos·

94 2450 194 2524 sum,
228 2450 339 2526 prope
363 2425 468 2500 finem
493 2453 548 2501 an.
572 2426 943 2507 nfflcccxxxvl
967 2454 1032 2529 per
1055 2410 1190 2505 litteras
1216 2454 1378 2507 commu·

55 2637 59 2645 ,
92 2560 239 2655 micavit,
280 2582 364 2633 esse
401 2560 436 2632 in
475 2560 746 2659 suismanibus
784 2558 890 2639 Sex,
922 2561 1044 2636 Julii
1077 2562 1293 2637 Frontini
1324 2562 1378 2639 de

94 2715 239 2790 aquae
264 2689 481 2766 ductibus
506 2691 636 2765 urbis
659 2692 830 2766 Romae
853 2691 1038 2768 editionem
1056 2691 1377 2773 CHRIS'POPH.

94 2823 215 2902 LUD.
248 2823 387 2898 ΕΒΗ).
422 2820 714 2901 seflunnzll
746 2849 855 2924 opera
890 2836 1153 2924 praeparatam,
1192 2851 1263 2902 una
1295 2848 1377 2903 cum

26 3029 29 3033 s
93 2957 191 3032 libris
223 2980 328 3031 manu
362 2956 504 3054 scriptis
539 2955 711 3053 editisque
736 2967 842 3054 atque
866 2957 978 3055 omni,
1014 2981 1083 3055 quo
1111 2954 1379 3036 Schultziusin

93 3112 162 3163 sua
186 3087 341 3188 paranda
366 3087 515 3163 editione
541 3113 631 3163 usus
658 3089 803 3187 finisset,
831 3100 1002 3189 apparatu
1027 3089 1179 3187 critico,
1195 3090 1378 3189 prolixos-

92 3208 311 3319 puerorum
345 3221 496 3295 omnium
534 3219 579 3294 ad
604 3244 715 3318 aquae
741 3221 867 3296 ductus
894 3220 1137 3321 pertinentium
1161 3232 1379 3299 commenta·

92 3354 185 3447 rios3
222 3377 334 3451 eaque
360 3364 495 3450 cuncta,
523 3353 567 3427 ab
594 3352 782 3429 heredibus
808 3352 963 3428 defuncti
977 3354 1046 3427 viri
1060 3353 1154 3428 illius
1170 3350 1378 3456 amplissimi

93 3486 161 3562 sibi
186 3462 396 3580 commissa,
428 3484 510 3558 mihi
544 3484 589 3559 ad
619 3487 779 3560 Frontino
811 3485 966 3561 libellum
998 3484 1102 3560 novis
1137 3487 1232 3562 curis
1266 3513 1375 3566 reco-

91 3617 334 3717 gnoscendum
358 3641 401 3691 se
427 3641 512 3692 esse
537 3617 752 3715 traditrnum,
781 3640 851 3714 qua
875 3618 967 3692 solet
992 3642 1080 3718 erga
1094 3643 1152 3694 me
1170 3620 1319 3695 amicitia
1340 3628 1377 3697 et

91 3742 311 3847 humanitate,
337 3750 505 3849 promisit.
542 3750 637 3824 Rem
662 3750 805 3824 arduam
833 3773 918 3823 esse
942 3751 1054 3852 probe
1078 3750 1278 3851 intelligens
1293 3777 1375 3828 ma-

60 3884 266 3981 ⁴nimisque
299 3908 356 3957 me
390 3881 648 3957 difficultatibus
684 3881 958 3957 conflictaturum
993 3882 1224 3983 praevidens,
1262 3894 1302 3959 ut
1336 3884 1373 3963 in

91 4018 264 4116 scriptore
289 4014 480 4115 depravato
507 4024 542 4089 et
565 4015 719 4088 mutilato
746 4040 789 4088 ac
815 4039 924 4115 supra
949 4037 1053 4111 quam
1077 4016 1238 4114 cuiquam
1252 4015 1371 4093 credi-

90 4148 159 4225 bile
185 4158 243 4223 est
266 4146 407 4244 difficili,
433 4159 550 4222 tamen
577 4147 620 4221 ob
648 4147 796 4246 egregia
820 4146 946 4243 sardia,
975 4146 1102 4243 quibus
1120 4122 1370 4247 praecessisse

90 4280 312 4361 Schultzium
345 4282 449 4358 rebar
480 4281 707 4356 illustrantem
742 4291 777 4356 et
802 4278 1061 4377 emendantem,
1094 4279 1246 4357 Julianis
1273 4284 1368 4359 curis
