2888 4710
508 181 948 264 ANNO'I'A'PIONES.
1295 188 1367 267 ror

88 416 276 485 camdenum.
325 420 374 482 V:
410 421 613 502 perduceret:
645 418 810 501 captores
836 423 893 483 rai.
920 416 979 482 111
1002 421 1133 485 miliario
1165 464 1367 489 .......

86 538 221 601 ortorum
242 537 339 599 duait.
382 536 404 596 F
427 538 570 598 convenit
591 555 656 597 cum
679 537 727 597 61.
749 555 794 616 pr.
836 535 910 597 lnB
932 541 1028 598 autem
1051 541 1082 600 et
1103 537 1143 598 al.
1162 557 1224 600 666.
1247 538 1368 604 1666666

85 655 233 715 editionis
254 652 272 712 J
288 654 333 713 sic
350 652 530 731 explentur:
559 651 757 734 perduceret,
780 650 990 734 eiampliorao
1008 653 1117 715 daciae
1131 654 1261 734 faceret.
1291 656 1370 719 liei-

82 768 173 850 6611.
203 783 300 830 canoa
326 771 414 829 tertio
440 742 571 829 miliario
594 786 689 849 opera
709 766 864 847 fabrorum
885 767 983 829 duait.
1027 767 1153 831 Corrad.
1177 768 1241 848 legi
1265 772 1367 835 iubet:

81 883 270 967 perduceret
289 902 347 965 par
367 884 531 965 araptioreo
550 883 671 945 ductae.
702 881 814 944 1116666
835 902 856 944 a
871 887 961 945 tertio
982 882 1127 945 milliario
1149 872 1282 948 rivorum
1301 909 1368 949 ma-

82 1004 197 1061 cimam
219 998 315 1062 duait.
357 999 427 1076 ligo
449 1017 659 1077 reposcerem,
689 998 794 1079 partim
823 997 966 1059 librorum
994 1000 1135 1075 vestigiis
1159 1003 1265 1080 partim
1293 994 1369 1087 con'.

84 1116 203 1177 iectura
223 1112 347 1177 duetus:
368 1112 466 1194 161166
484 1134 543 1198 par
564 1115 729 1197 ampliores
752 1113 860 1175 ducias
881 1114 928 1175 rai
945 1112 1089 1194 publicae
1110 1118 1262 1179 commodo
1282 1123 1371 1181 triam

80 1228 211 1294 suillium
239 1230 397 1311 saltoraar
429 1248 528 1313 opera
558 1248 668 1313 aquam
698 1228 793 1291 auxta
836 1227 996 1292 Coramorlo
1026 1232 1045 1294 1.
1070 1249 1097 1292 6.
1126 1232 1156 1292 16
1187 1234 1369 1296 6666661666

82 1347 214 1408 omnium
236 1347 345 1407 civium
368 1333 447 1422 eret,
470 1346 550 1429 6661
573 1362 651 1408 6666
672 1363 728 1425 per
749 1344 911 1423 ampliores
933 1344 1038 1406 ductus
1060 1348 1154 1407 maior
1169 1362 1262 1429 66666
1280 1352 1369 1429 copia

81 1459 261 1523 ducebatur.
291 1459 372 1521 Idem
388 1460 567 1522 vocabulum
583 1460 674 1522 simili
691 1464 774 1521 sorte
798 1460 864 1520 Art.
875 1463 934 1522 118
956 1461 986 1521 16
1003 1460 1072 1522 aliis
1090 1460 1176 1522 libris
1193 1467 1366 1543 corruptum

81 1581 155 1655 cst,
178 1578 208 1638 in
229 1573 298 1638 aliis
320 1578 419 1657 periit.
442 1574 515 1638 Vox
533 1575 626 1656 fabar
647 1575 858 1655 amplissimam
880 1573 972 1637 hahet
994 1574 1258 1657 significationem,
1281 1594 1367 1640 com·

83 1691 223 1773 plectens
251 1694 355 1753 varios
382 1690 528 1771 opifices,
556 1687 593 1752 16
624 1692 732 1772 quihus
759 1690 917 1751 Frontinus
946 1692 1015 1753 Art.
1041 1694 1096 1753 lli
1124 1694 1201 1768 agit.
1244 1688 1366 1757 Numeri

81 1812 184 1870 autem
212 1822 365 1886 operarum
392 1808 502 1867 mentio
531 1803 671 1868 excusari
697 1825 738 1867 ex
761 1824 798 1867 eo
819 1809 941 1884 potest,
970 1806 1049 1886 quod
1071 1805 1121 1866 alii
1144 1824 1262 1890 666666
1284 1812 1365 1871 scri-

82 1925 210 2003 ptores,
237 1942 271 1984 v.
292 1941 326 1998 g.
348 1921 539 2001 Fenestella,
567 1924 667 1983 tantm
688 1924 823 1999 sumptus
845 1923 875 1981 in
897 1921 989 2000 ipsam
1010 1920 1144 1983 11666166
1165 1939 1268 2003 aquam
1290 1944 1363 2005 per-

81 2038 248 2100 ducendam
278 2039 376 2098 iactos
405 2054 475 2099 esse
504 2038 661 2098 memoriae
688 2034 892 2116 prodiderunt
934 2036 968 2097 16
996 2035 1074 2097 huuc
1096 2036 1211 2098 modum
1234 2040 1270 2101 16
1293 2042 1362 2105 1666

81 2153 250 2233 depravato
271 2156 442 2214 statueram.
479 2151 542 2214 Sed
564 2169 636 2214 ecce
658 2153 689 2214 in
710 2170 812 2212 manus
832 2153 958 2212 veniunt
978 2153 1080 2213 variae
1101 2150 1251 2216 lectiones
1274 2160 1362 2219 codi-

81 2269 131 2329 cis
152 2266 249 2331 Paris.
276 2268 437 2329 6111666616
458 2269 647 2348 descriptae3
678 2283 797 2350 quarum
826 2283 902 2348 6666
930 2266 967 2327 ad
994 2265 1073 2328 1666
1099 2266 1196 2328 locum
1218 2275 1362 2349 pertinet,

79 2384 130 2447 sic
151 2382 265 2447 habet:
294 2384 486 2466 perdoceret
515 2387 565 2467 666·
587 2381 694 2464 lapide
714 2381 865 2463 amaram
887 2378 1053 2463 ampliores
1075 2376 1187 2445 ductae
1207 2391 1363 2465 excitauit,

76 2516 197 2583 666666
217 2496 289 2561 ilico
310 2516 419 2583 aonam
440 2517 528 2583 qaam
548 2498 772 2580 acquisiverat,
792 2501 872 2580 reip.
894 2514 990 2559 caasa
1008 2516 1066 2579 par
1086 2516 1181 2578 aoros
1203 2502 1363 2565 Fabiorum

79 2614 184 2677 duait.
212 2616 240 2675 16
263 2632 320 2696 666
340 2613 472 2675 16611666
493 2613 582 2675 661666
605 2611 709 2673 661666
732 2608 832 2674 deleta
852 2610 940 2674 vides
961 2610 1053 2673 lreec:
1082 2616 1133 2696 661
1158 2616 1365 2701 1661616666..

80 2731 175 2793 drato
195 2748 311 2813 parque
331 2730 404 2791 11166
424 2746 534 2813 aquam
555 2746 641 2811 qaam
661 2731 870 2811 acquisiverat
885 2731 963 2810 reip.
981 2743 1078 2789 cauca
1091 2745 1150 2811 per
1166 2750 1259 2809 aoros
1276 2732 1363 2801 Fati.

81 2846 150 2924 „lit
170 2862 271 2906 eorum
291 2843 360 2907 1666
384 2843 515 2928 [11166611
536 2843 630 2906 verba
645 2846 731 2920 sunt,
752 2842 837 2903 iuxta
853 2842 921 2904 661.
939 2841 1099 2904 lectionem
1116 2847 1233 2924 posita)
1256 2851 1362 2913 661666

80 2958 188 3023 661666
208 2959 296 3039 plura
316 2962 395 3022 inter
415 2961 510 3023 lineas
531 2961 644 3039 scripta
664 2961 751 3037 sunt3
772 2960 806 3021 ut
826 2959 873 3020 ter
894 2960 945 3019 eut
966 2961 1071 3041 quater
1092 2956 1230 3023 librarius
1253 2937 1361 3026 61166.

79 3081 131 3138 166
158 3076 189 3137 16
215 3074 397 3137 emendando
425 3077 562 3137 variasse
589 3075 779 3136 sententiam.
811 3070 990 3153 interposita
1009 3071 1078 3153 plus
1100 3075 1196 3137 minus
1218 3081 1364 3143 66661661

79 3192 118 3253 ad
140 3189 291 3267 vulgatam
313 3189 506 3252 lectionem.“
548 3186 723 3251 Memineris
744 3186 850 3265 velim,
872 3188 942 3267 6661.
961 3184 1041 3251 16666
1063 3207 1133 3252 esse
1156 3208 1196 3251 ex
1215 3195 1363 3277 antiquis-

80 3308 159 3369 simo
182 3305 346 3386 exemplari
369 3301 568 3386 descriptum,
591 3304 714 3387 eiusque
730 3305 830 3367 varias
847 3270 994 3366 lectiones
1011 3323 1145 3382 magnam
1162 3310 1275 3384 partem
1294 3326 1367 3374 csso

79 3420 236 3501 egregias.
279 3418 375 3484 Etiam
403 3426 505 3483 nostro
533 3420 602 3482 loco
629 3420 733 3483 vorbis
761 3416 870 3502 iapida
897 3419 1049 3503 quadrato
1077 3418 1189 3483 doctas
1215 3430 1366 3490 excitauit

77 3536 152 3598 uilrll
178 3539 283 3617 potest
310 3536 419 3616 obiici,
450 3556 536 3617 66666
559 3537 697 3598 ductuum
719 3532 819 3616 lapide
841 3536 985 3618 66616616
1007 3539 1229 3598 exstructorum
1251 3545 1360 3605 mentio

77 3651 130 3715 ua
151 3652 238 3715 etiam
259 3652 328 3714 Art.
349 3655 416 3715 121.
439 3655 469 3712 61
490 3651 604 3714 1666116
628 3650 738 3714 doctae
758 3653 895 3714 accitare
915 3651 955 3711 sit
977 3650 1098 3729 optimo.
1140 3650 1216 3712 Tum
1236 3652 1362 3721 formula

76 3771 242 3850 acquirere
262 3788 371 3851 aquam
398 3767 426 3829 in
448 3762 504 3827 iae
526 3785 558 3828 re
579 3768 701 3846 propria
723 3769 787 3843 ost,
817 3769 849 3827 ut
871 3760 1026 3826 docebitur
1047 3765 1084 3826 61
1106 3764 1174 3829 Art.
1193 3772 1222 3832 1).
1266 3771 1360 3836 Unum

77 3887 177 3946 166666
199 3883 355 3945 admodum
378 3901 423 3944 me
446 3885 555 3959 vexat,
579 3882 609 3942 id
631 3884 679 3943 est
700 3883 809 3943 mentio
832 3898 973 3960 aaronem
989 3875 1167 3960 Fabiorum,
1192 3880 1229 3945 de
1252 3888 1360 3967 quibus

76 3996 150 4060 milri
173 3999 292 4081 quidem
314 3996 386 4060 nihil
409 4000 537 4058 constat.
576 3995 741 4082 Quocirca,
764 3996 794 4056 in
816 4013 849 4057 re
870 3993 984 4056 incerta
1006 3995 1123 4074 616616,
1147 4000 1226 4079 6661
1249 4006 1359 4064 ceteris

76 4112 348 4193 connominatur,
370 4112 461 4191 lego:
486 4112 678 4195 perduceret.
702 4111 762 4201 (lai
783 4111 888 4195 iapida
904 4109 1053 4194 quadrato
1069 4114 1232 4194 ampliores
1250 4116 1362 4180 dacum·

73 4233 244 4310 excitavit,
271 4249 388 4313 perque
414 4230 487 4292 illos
514 4248 624 4312 aonam
650 4247 737 4310 quam
758 4228 966 4310 acquisiverat
985 4223 1174 4310 reipublicae
1195 4232 1358 4308 coramodo,

72 4388 372 4413 ..........
394 4365 477 4410 oram
499 4328 595 4410 16611.
617 4344 743 4408 Scilicet
763 4344 831 4426 quid
853 4342 921 4406 loco
944 4343 1022 4405 illius
1043 4358 1101 4425 per
1122 4364 1216 4425 66666
1240 4348 1317 4410 onor
1332 4382 1356 4397 -·

1063 4455 1114 4525 ΙΙ
