2888 4710
71 182 146 259 136
514 178 924 261 FRON'HNUS

175 439 332 490 secare
358 423 512 490 sentes
537 414 822 515 prohibeant,
850 437 926 511 per
951 412 1197 487 Curatores
1221 432 1339 507 aqua·

175 557 291 629 rum,
326 533 401 628 qui
432 555 547 606 nunc
580 543 687 605 sunt
718 531 885 627 quique
914 538 1068 622 erunt,
1105 532 1232 601 circa
1257 526 1341 601 fon·

175 658 244 720 tes
284 657 327 720 et
363 647 574 722 fornices
612 658 655 722 et
692 668 838 719 muros
878 655 919 717 et
955 649 1084 717 rivos
1115 652 1161 716 et
1191 628 1342 739 specus
1383 652 1390 681 ⁴

176 764 444 837 terminatus
483 762 696 859 arbores,
744 766 889 855 viteS,
934 782 1130 857 vepres,
1179 766 1342 853 sentes,
1388 772 1390 777 '

177 880 325 975 ripae,
358 885 577 973 maceria,
610 878 801 970 salicta,
836 872 1101 949 arundineta
1126 873 1344 967 tollantur,

178 994 471 1091 excidantur,
501 993 804 1090 effodiantur,
834 991 1178 1087 excodicentur,
1206 994 1346 1085 utique

178 1120 303 1184 recte
341 1111 508 1186 factum
548 1134 655 1184 esse
692 1109 870 1183 volent:
912 1132 1051 1204 eoque
1090 1106 1267 1180 nomine
1299 1104 1346 1177 iis
1387 1194 1390 1203 Ι

176 1227 377 1323 pignoris
404 1226 721 1326 capio,multae
747 1223 883 1301 dictio
911 1223 1220 1318 coercitioque
1245 1230 1347 1311 esto;

176 1339 312 1437 idque
338 1348 397 1416 iis
424 1345 521 1416 sine
549 1339 705 1416 fraude
731 1365 814 1413 sua
840 1340 992 1413 facere
1017 1339 1158 1411 liceat
1182 1336 1253 1409 ius
1276 1359 1347 1433 po·

176 1467 416 1554 tectosque
462 1469 572 1539 esto.
629 1460 722 1547 Quo
762 1458 907 1530 ¹minus
954 1456 1099 1550 vites,
1145 1452 1347 1547 arbores,

177 1596 290 1666 (puae
336 1575 492 1670 villis,
545 1573 787 1649 aedificiis
831 1573 1106 1646 maceriisve
1150 1568 1349 1643 inclusae

177 1703 296 1787 sunt,
325 1692 560 1788 maceriae,
589 1714 696 1790 quas
723 1686 971 1766 Curatores
997 1710 1202 1782 aquarum
1230 1708 1349 1759 causa

177 1810 361 1899 cognita
387 1830 436 1879 ne
463 1806 795 1880 demolirentur
820 1804 1013 1878 dominis
1038 1803 1348 1899 permiserunt,

178 1920 338 2012 quibus
374 1923 593 2020 inscripta
626 1922 942 2018 insculptaque
975 1930 1126 1993 essent
1158 1923 1349 2016 ipsorum

177 2036 249 2127 qui
276 2038 603 2133 permisissent
630 2035 895 2115 (iuratorum
921 2040 1114 2131 nomina,
1143 2044 1348 2129 maneant,

176 2147 256 2223 hac
294 2152 401 2250 lege
439 2154 620 2230 nilrilum
659 2156 854 2252 rogatio.
906 2150 1004 2243 Quo
1036 2150 1180 2223 minus
1215 2175 1273 2225 ex
1300 2149 1359 2223 iio'

177 2265 406 2364 fontibus,
447 2271 592 2365 rivis,
631 2268 873 2368 specibus,
913 2265 1170 2341 fornicibus
1206 2288 1351 2365 aquam

178 2403 375 2481 sumere,
403 2383 586 2460 haurire
611 2387 695 2484 iia,
723 2385 1082 2484 quibuscumque
1108 2380 1351 2459 Curatores

179 2521 390 2592 aquarum
422 2504 735 2599 permiserint,
770 2510 1092 2599 praeterquam
1124 2509 1247 2595 rota,
1281 2523 1351 2573 ca·

177 2612 285 2711 lice,
313 2617 536 2715 machina,
563 2618 722 2716 liceat,
750 2617 841 2691 dum
868 2639 1008 2712 neque
1034 2626 1196 2712 puteus
1223 2638 1354 2711 neque

177 2730 380 2806 foramen
418 2758 578 2807 norum
616 2734 723 2831 fiat,
771 2735 871 2807 eius
915 2731 994 2805 hac
1031 2730 1135 2829 lege
1173 2730 1355 2805 nihilum

178 2850 374 2944 rogatio.

79 2958 154 3034 130
253 2964 471 3041 Utilissima'e
498 2965 592 3064 legis
620 2973 880 3064 contemptores
905 2987 974 3038 non
1001 2964 1208 3062 negaverim
1234 2961 1357 3062 dignos

177 3104 311 3176 poena,
349 3106 439 3179 quae
473 3081 676 3157 intenditur:
715 3079 783 3155 sed
814 3081 1029 3180 negligentia
1062 3080 1160 3179 longi
1192 3084 1357 3181 temporis

74 3308 350 3324 ι-ιιιι-ι*

94 3447 142 3500 130
174 3437 364 3514 aepccerim)
392 3433 431 3497 l':
452 3440 625 3517 reponeris.

216 3533 299 3613 napi.
322 3533 408 3615 lonpi
429 3531 471 3616 t.)
501 3533 551 3600 Ca
570 3537 690 3617 neplep.
711 3540 745 3599 ut
765 3537 834 3600 Art.
854 3539 922 3599 105.
966 3533 1013 3597 V:
1035 3533 1116 3615 περὶ.
1138 3533 1236 3613 lepram
1254 3542 1279 3595 t.
1323 3532 1360 3598 l':

176 3633 255 3712 cept.
285 3633 382 3714 iopam
405 3655 464 3718 pro
491 3645 651 3717 tempores.
693 3636 719 3697 B
746 3636 777 3698 in
804 3653 900 3712 marg.
929 3650 993 3695 oum
1021 3635 1121 3695 crucis
1142 3635 1254 3711 siguo:
1284 3632 1361 3716 sepi.

176 3731 273 3812 lepnm
291 3752 350 3815 pro
371 3743 516 3817 tempore.

218 3837 373 3915 quantam)
403 3832 447 3900 Gt
470 3846 595 3918 quanta.
624 3854 667 3900 sc.
689 3854 744 3916 pro
767 3839 891 3918 quanti.

216 3937 248 3994 in
269 3932 337 3996 nod.
358 3931 437 4014 fait)
464 3935 503 3997 J:
526 3941 556 3997 io
577 3957 607 3997 n.
629 3941 680 3998 sit.
853 3938 870 3969 ⁸

217 4031 264 4094 lis
291 4051 364 4094 vero
392 4032 464 4115 qui)
492 4033 537 4101 Vt
564 4035 598 4098 fs
618 4053 702 4100 cero.
746 4034 790 4100 C:
817 4035 851 4098 Is
878 4054 951 4098 cero
980 4046 1035 4098 out
1061 4035 1142 4099 adm.
1185 4033 1276 4097 lldd:
1304 4034 1365 4098 Ha

174 4152 259 4194 cero.

216 4232 471 4312 decucurrerunt)
499 4235 602 4314 recepi
625 4253 665 4296 ex
689 4233 848 4299 C.·Coteri
871 4234 1078 4301 decurrerant.

214 4337 328 4405 consa)
363 4332 405 4395 C:
429 4352 566 4397 causam.
