2888 4710
77 158 158 235 XX
560 156 885 239 PRAEFATIO.

77 393 260 490 quaein
284 389 440 466 urbem
464 391 662 466 influunt
686 392 877 470 libellus
903 392 1145 469 mirabilis.
1179 397 1259 470 sinc
1287 395 1371 470 loco

77 535 114 599 et
137 549 238 599 anno.
287 524 430 599 Desunt
454 526 662 623 paginarum
686 527 838 620 numeri,
866 536 902 600 et
925 526 1004 600 libri
1028 527 1139 601 forma
1165 539 1232 625 est,
1262 553 1372 626 quam

77 664 209 732 vocant
236 657 272 730 in
305 657 400 731 solio.
423 694 475 712 ——-
499 657 604 732 Haec
626 657 786 733 Frontini
816 658 920 733 editio
954 656 1185 737 aScbnltzio
1215 672 1373 735 vocatur

77 790 222 864 Veneta
244 827 296 847 ν-
320 788 524 863 Florentina
557 815 612 863 an.
647 789 772 886 149511,
810 790 1003 888 eademque
1028 790 1176 867 babetur
1200 818 1283 868 cum
1312 794 1371 868 ed.

77 922 281 997 Florentino
308 948 362 996 an.
387 919 496 996 1496.
523 920 567 996 de
594 947 663 1019 quo
688 923 849 998 Polenus
883 924 1054 1022 (Proleg.
1079 950 1113 1023 p.
1139 923 1215 1023 22]
1246 926 1370 1024 loqui-

76 1064 144 1129 tur.
168 1095 219 1109 —
242 1053 419 1129 Editionis
443 1055 669 1130 Florentinae
701 1081 755 1129 an.
788 1054 1072 1131 1496Ρ11111111
1104 1057 1253 1132 eundem
1280 1063 1369 1132 titu-

77 1187 150 1261 lum
174 1187 296 1283 attulit,
323 1197 427 1284 atque
455 1190 568 1261 estin
595 1188 662 1281 ed,
691 1213 792 1285 quam
816 1188 1024 1266 Schultnius
1050 1192 1085 1263 in
1110 1191 1274 1266 manibus
1301 1190 1368 1265 ba·
1401 1168 1403 1241 l

76 1320 169 1414 buit3
211 1329 250 1394 ut
283 1329 465 1417 utramque
500 1319 685 1395 editionem
719 1319 865 1394 eandem
897 1345 982 1396 esse
1005 1307 1174 1397 Ι1111111111.
1224 1323 1368 1398 Verum

77 1455 201 1529 marito
233 1452 402 1549 offendas,
443 1450 538 1550 quod
569 1454 604 1525 in
637 1453 716 1550 ipso
750 1453 927 1528 volumine
951 1457 1110 1529 Frontini
1142 1456 1232 1530 liber
1265 1457 1367 1530 aliter

76 1588 300 1682 inscribitur,
341 1597 445 1682 atque
477 1588 517 1658 'in
553 1584 662 1660 titulo.
715 1581 818 1676 Quae
844 1588 1023 1686 inscriptio
1050 1586 1221 1686 (Sexti
1245 1589 1364 1662 Julii

76 1719 290 1798 Frontini
330 1719 418 1791 viri
451 1717 719 1792 consularis
752 1715 805 1792 de
839 1722 973 1816 aquis
1000 1723 1180 1816 quaein
1206 1721 1365 1795 urbem

77 1854 280 1929 inlluunt
300 1850 499 1926 libellus
524 1849 778 1945 mirabilis)
805 1850 928 1926 eadem
954 1863 1021 1950 est,
1057 1862 1160 1950 atque
1185 1876 1293 1950 quam
1319 1878 1363 1927 ex

77 1988 134 2066 ed.
159 1987 315 2088 principe
340 1981 528 2081 descripsit
551 1983 711 2058 Polcnus
738 1985 907 2083 (Proleg.
933 2011 966 2083 p.
991 1983 1077 2080 21).
1140 1982 1205 2060 Ad
1230 1987 1363 2060 calcent

78 2122 134 2198 ed.
172 2119 339 2220 principis
376 2117 465 2190 baec
500 2117 611 2191 verba
647 2117 831 2215 legrmtur:
883 2117 1112 2193 Libellum
1150 2117 1268 2192 bunc
1310 2117 1371 2193 dc.

77 2249 486 2352 Aquaeductibus,
515 2273 610 2324 cum
636 2260 767 2323 esset
790 2248 1202 2347 mendosissimus,
1231 2252 1361 2327 Pom-

77 2386 245 2489 ponius
296 2393 340 2458 et
389 2380 627 2480 Sulpitins
678 2392 805 2457 tanto
843 2383 1000 2457 studio
1039 2386 1109 2457 sic
1146 2384 1361 2459 emenda-

76 2531 201 2617 runt,
252 2527 299 2591 ut
346 2538 680 2615 perpaucorum
729 2517 772 2589 in
823 2539 873 2590 eo
923 2516 1124 2591 locorum
1175 2534 1403 2629 concep

76 2654 141 2730 tio
178 2648 488 2727 desideretur.
537 2649 763 2747 Perquam
813 2674 915 2722 rara
965 2659 1094 2744 sunt,
1148 2672 1262 2747 quae
1300 2640 1403 2724 ti-i

76 2787 264 2866 brarius
315 2783 525 2881 corrupit
580 2792 652 2856 aut
700 2783 1012 2880 praetermisit
1057 2837 1247 2855 ......
1311 2782 1361 2857 ln

77 2920 250 3022 spatiis
298 2916 342 2990 in
384 2915 545 2992 ordine
584 2915 759 3015 passim
804 2915 1008 3011 relictis,
1047 2915 1226 2990 ubinam
1275 2915 1362 2988 ali·

77 3052 255 3153 quando
288 3049 440 3146 verba,
480 3047 728 3146 aliquando
765 3048 1071 3145 quinariarum
1103 3059 1146 3120 et
1171 3047 1361 3121 listula—
1400 3088 1403 3139 1

76 3213 172 3264 rum
201 3186 386 3286 figurae
420 3181 584 3277 desint,
630 3181 773 3255 facile
808 3181 1004 3278 quisque
1038 3181 1212 3279 poterit
1243 3179 1361 3255 iudi·

78 3344 196 3396 care.
232 3319 368 3415 Vale,
408 3311 600 3391 candide
636 3312 796 3409 lector,
845 3322 888 3387 et
925 3314 967 3386 si
1006 3314 1106 3410 quis
1144 3314 1362 3410 ingratus

78 3444 190 3528 1111
221 3451 437 3546 volucrit,
477 3447 640 3524 librum
675 3469 800 3519 suum
827 3445 1064 3543 depromat
1088 3456 1131 3519 11
1155 3470 1250 3520 cum
1277 3445 1362 3520 boc

78 3576 214 3685 cigno
241 3580 697 3658 noctuamconlerat
746 3577 884 3653 Eadem
903 3579 1013 3652 verba
1038 3579 1204 3675 leguntur
1228 3580 1263 3652 in
1289 3577 1357 3672 ed,

76 3743 147 3817 qua
172 3714 379 3797 Schidtzius
410 3739 501 3789 usus
533 3723 600 3789 est.
660 3711 777 3787 Porro
815 3712 851 3785 in
887 3723 1034 3809 utraque
1071 3710 1221 3788 editione
1258 3711 1361 3786 deest

75 3852 179 3926 locus
205 3858 241 3925 et
265 3870 390 3942 annus,
418 3870 487 3944 quo
512 3848 547 3921 in
571 3848 688 3921 lucem
712 3844 912 3944 prodierint.
963 3845 1122 3941 Utraque
1159 3846 1267 3942 igitur
1293 3844 1359 3919 ba-

76 3982 191 4060 benda
215 3991 273 4057 111
296 3979 432 4056 eadem.
480 3974 664 4054 Lectionis
703 3979 806 4053 etiam
841 3978 996 4052 varietas
1034 3975 1127 4051 baud
1151 3982 1201 4051 ita
1228 4000 1359 4076 magna

76 4126 143 4193 est.
171 4140 174 4145 ·
204 4115 375 4191 Attamen
412 4121 469 4188 111
500 4117 680 4209 varietas,
720 4111 880 4208 quamvis
906 4111 1047 4207 exigua.
1108 4109 1359 4208 Decerpamus

75 4248 262 4346 nonnulla,
301 4270 393 4346 quae
425 4255 508 4322 sunt
540 4243 717 4343 graviora.
767 4242 850 4318 Art.
883 4242 1013 4318 90111.
1040 4244 1205 4341 princeps
1230 4242 1359 4317 Poleni

69 4382 160 4478 legit
184 4405 329 4480 apuue
353 4379 574 4480 Anienis,
601 4375 668 4453 sed
689 4374 862 4456 Schultnii
887 4375 992 4452 editio
1018 4375 1133 4452 duae
1156 4374 1358 4454 Anienis.
