2888 4710
513 166 920 249 FBON'PINUS

171 402 302 477 oriatur
333 400 431 477 Anio
469 424 576 502 supra
612 400 765 477 'l'rebam
799 401 1022 499 Augustam,
1046 432 1049 439 ·
1069 423 1140 473 seu
1178 399 1259 496 quia
1286 423 1338 497 per

170 537 327 591 saxosos
359 528 497 592 montes
537 517 707 611 decurrit,
747 520 871 615 paucis
908 519 1002 591 circa
1034 518 1154 615 ipsum
1192 513 1340 614 oppidum

171 633 412 709 obiacentibus
438 635 559 726 cultis,
596 657 663 706 seu
689 635 769 730 quia
800 633 938 708 lacuum
971 632 1171 725 altitudine,
1205 632 1342 726 inques

171 750 361 847 excipitur,
388 750 486 822 velut
509 749 727 841 defaecatur,
755 751 1004 824 imminentium
1020 772 1161 846 quoque
1177 762 1344 821 nemorum

173 866 345 962 opacitate
370 865 601 959 inumbratos,
630 863 881 963 frigidissimus
906 866 1012 940 simul
1039 890 1082 939 ae
1106 861 1345 971 splendidissi5
1394 956 1396 969 Ι

173 1003 253 1052 mus
277 1004 320 1053 eo
343 983 511 1077 pervenit.
560 979 663 1054 llaec
688 994 759 1054 tam
785 982 871 1056 lelix
895 984 1093 1080 proprietas
1118 1004 1254 1077 aquae,
1280 1001 1347 1053 om·
1394 982 1396 1011 ²

174 1095 279 1169 nibus
307 1095 447 1171 dotibus
473 1107 663 1195 aequatura
676 1097 865 1196 Marciam,
893 1105 996 1197 copia
1019 1121 1107 1172 vero
1133 1106 1348 1194 superatura,

175 1212 294 1285 veniet
313 1212 475 1286 inlocum
493 1213 660 1290 deformis
673 1214 766 1290 illius
781 1239 822 1287 ac
835 1212 1010 1306 turbidae,
1033 1236 1164 1285 novum
1179 1220 1350 1285 auctorem

178 1323 572 1405 lMPlubnuoltuM
614 1328 913 1410 CAESAREM
952 1326 1184 1405 Nubvmu
1228 1322 1352 1399 'ulut-

177 1440 353 1521 IANUM
376 1443 677 1525 AUGUS'PUM
700 1445 965 1546 praescribente
990 1444 1099 1517 titulo.

104 1553 154 1630 tt
233 1555 419 1658 Sequitur,
448 1573 486 1635 ut
510 1563 720 1658 indicemus,
749 1561 843 1660 quod
862 1563 920 1635 ius
942 1559 1123 1634 ducendae
1139 1556 1355 1653 tuendaeque

179 1673 228 1748 sit
259 1698 393 1772 aquae:
428 1702 585 1775 quonum.
608 1681 754 1755 alterum
786 1677 832 1752 ad
863 1675 1078 1752 cohibendos
1106 1677 1196 1750 intra
1224 1671 1355 1750 modum

77 1902 306 1924 ’.οι-ιιι.-

113 2052 147 2109 9⁴
221 2057 560 2146 ducendae—aquae]
586 2062 633 2126 lta
653 2060 690 2127 0.
711 2062 746 2125 ln
778 2060 806 2124 U
825 2060 856 2124 V
875 2059 909 2123 Ρ.
932 2063 964 2121 et
984 2059 1034 2120 cd.
1055 2059 1152 2138 princ.
1172 2057 1292 2136 legitur
1309 2057 1354 2121 a·-

182 2156 372 2242 cuudaepuc,
394 2163 505 2224 omisso
526 2162 668 2227 tuendae.
700 2163 768 2224 Jet
780 2178 849 2224 rec:
871 2158 1032 2222 ducendae
1052 2162 1095 2220 stt
1113 2176 1233 2240 aquae,
1254 2174 1356 2242 panos

183 2276 260 2323 cura
280 2258 422 2322 ductuum
440 2261 592 2326 labenda.
625 2260 765 2323 Nimirum
787 2263 817 2321 in
839 2260 969 2321 Jocundi
991 2275 1109 2340 quoque
1130 2258 1243 2320 codice
1263 2258 1357 2320 decret

182 2355 334 2437 tuorcdac,⁸
355 2365 388 2422 ut
408 2365 505 2423 autem
523 2361 679 2423 Jocundus
699 2359 841 2437 baberet,
863 2359 900 2419 ad
921 2376 999 2439 quos
1018 2375 1151 2439 sequens
1170 2358 1303 2420 alterum
1320 2356 1357 2419 ad

182 2458 319 2537 ipsarum
346 2459 486 2522 ductuum
509 2466 641 2542 pertinet
667 2460 792 2521 tutelam
817 2460 959 2534 referret,
987 2455 1038 2518 bic
1059 2457 1153 2518 rerba
1173 2455 1230 2518 llla
1250 2458 1289 2519 de
1306 2474 1357 2517 suo

186 2555 324 2619 inseruit.
357 2556 516 2621 Praeterea
537 2562 567 2621 in
588 2559 698 2621 vrct
719 2561 767 2620 ed.
788 2577 834 2636 pr.
855 2557 932 2620 aliae
954 2558 1056 2618 turbae
1078 2559 1257 2635 moventur,
1278 2559 1360 2638 atquc

186 2653 239 2717 illa
257 2654 402 2739 Sequitur
421 2669 455 2720 ut
475 2658 644 2720 iudicemus
665 2658 747 2742 quad
768 2659 845 2718 inter
865 2657 959 2716 verba
979 2650 1215 2718 abnam-acl
1234 2658 1361 2737 lpum

185 2752 387 2835 inculcantur,
410 2757 451 2820 ita
472 2763 506 2821 ut
524 2763 597 2837 post
617 2759 707 2819 titulo
729 2762 874 2836 pergatur
894 2759 946 2839 qui
961 2755 1115 2818 dicendae
1129 2774 1233 2837 cauae
1246 2770 1363 2837 parem

186 2851 326 2915 abnam.
352 2855 538 2920 Vocabulum
559 2863 607 2920 ius
627 2859 656 2919 in
678 2857 726 2918 bis
748 2857 833 2918 libris
855 2856 1009 2916 onrittitur.
1036 2852 1071 2916 In
1092 2850 1119 2915 C
1139 2872 1196 2933 pro
1219 2852 1302 2936 quad
1320 2856 1364 2915 iss

187 2950 301 3029 legitur
322 2973 382 3037 qua
402 2960 461 3018 ius.

231 3051 314 3125 dara)
339 3053 386 3116 V:
408 3076 483 3120 cura.

228 3153 605 3231 perlatae-adamata]
635 3153 681 3216 lta
701 3152 786 3233 cb,
816 3154 875 3216 nisi
903 3153 982 3235 qrrod
1010 3170 1066 3232 pro
1092 3152 1236 3234 perlatas
1260 3148 1369 3213 babent

190 3254 242 3333 pai
256 3251 331 3314 tata.
363 3253 514 3316 Fortassis
530 3257 623 3333 enim,
646 3274 731 3336 quum
753 3253 872 3315 relativi
894 3257 1038 3336 cuipare
1053 3250 1137 3334 quad
1157 3268 1248 3312 casus
1268 3266 1368 3310 omues

191 3351 395 3414 scriberentur
418 3353 488 3415 olbn
509 3373 565 3433 per
585 3353 712 3417 litteram
734 3374 753 3437 ᾳ
773 3353 870 3434 aliqua
890 3356 961 3412 nota
982 3350 1202 3429 compendiaria
1223 3347 1369 3423 affectam

193 3451 355 3533 cademque
373 3455 475 3523 ¹lernae
502 3454 618 3515 ratione
646 3472 701 3533 per
727 3453 853 3515 litteram
875 3472 902 3535 p
928 3451 1109 3511 scriberetur
1137 3444 1284 3526 particula
1306 3464 1371 3528 per,

192 3546 269 3610 buco
289 3553 319 3611 in
337 3557 393 3634 aut
413 3554 621 3616 transformata
640 3554 811 3615 mutationis
832 3553 922 3629 origo
944 3551 1011 3610 luit.
1056 3547 1099 3609 nt
1126 3547 1158 3608 ln
1179 3547 1199 3608 J
1222 3549 1370 3620 (ciret.)

192 3647 323 3725 legitur:
353 3653 437 3731 tepea
456 3653 497 3717 de
516 3653 665 3734 stupetis,
694 3643 770 3735 auae
791 3651 855 3714 late
875 3650 993 3733 puidam
1013 3646 1099 3729 apud
1119 3655 1242 3708 actaea
1261 3644 1372 3708 obser-

192 3757 286 3810 vatas
307 3753 416 3828 tacent,
438 3774 541 3815 earam
560 3757 741 3836 aequitatem
760 3751 1007 3832 prudentiamque
1023 3744 1208 3808 reticendam
1222 3762 1285 3806 aaa
1298 3763 1373 3807 ecs-

193 3851 254 3911 sua'.
281 3866 358 3930 quae
370 3852 474 3930 verba,
494 3852 640 3914 uidelicet
652 3852 781 3914 Jccundi
804 3853 1010 3924 commentum,
1030 3863 1156 3926 prorsus
1169 3843 1373 3923 expungenda

196 3962 269 4007 esse
294 3952 377 4008 ratur
404 3950 464 4026 l'ui,
490 3971 576 4032 quum
604 3970 700 4032 neque
728 3952 758 4011 in
779 3951 868 4013 codd.
893 3965 991 4028 neque
1011 3947 1099 4006 etiam
1126 3944 1156 4005 in
1178 3943 1269 4020 cdd,
1298 3958 1374 4024 quac

193 4045 262 4108 loc.
276 4064 489 4126 praecessere,
511 4049 598 4110 ullum
613 4069 712 4112 eorum
727 4045 1078 4129 reperiaturvestigium.
1105 4041 1195 4105 Pon.
1223 4041 1273 4104 Vt
1297 4060 1376 4125 quac

195 4143 264 4206 lata
291 4144 424 4229 quadam
447 4147 533 4229 apud
559 4153 700 4232 antipuaa
727 4149 791 4210 aba.
833 4150 873 4210 F:
902 4166 978 4229 quas
1004 4140 1265 4226 marquardum
1292 4139 1377 4224 apud

194 4248 336 4327 antiquas
365 4244 555 4308 observatos.
579 4285 581 4289 <
604 4247 676 4313 Scb.
702 4249 801 4327 legit:
833 4249 934 4329 uper,
965 4244 1004 4307 de
1030 4242 1159 4324 uinculis
1185 4260 1265 4323 puae
1292 4239 1378 4302 latae

194 4354 279 4423 aare,
301 4342 409 4429 owed.
480 4341 483 4349 '
1020 4366 1025 4375 ·
1227 4374 1230 4379 ·
