2888 4710
504 186 910 267 attollemus
1312 183 1362 261 dl

72 419 243 492 interiere
267 430 368 516 parte
393 418 583 518 attrahitur,
619 422 666 517 ita
691 446 755 519 per
779 421 884 517 illam,
915 444 1006 518 quae
1032 419 1129 495 ieras
1154 443 1263 516 spee-

73 546 138 623 tat‚
168 531 376 608 extenditur.
425 536 583 611 Maxime
609 537 789 635 probabile
816 551 883 632 est,
922 537 1112 633 quinariam
1137 533 1265 609 dictam
1393 610 1396 615 .

73 676 98 723 a
123 648 294 723 diametra
321 653 472 747 quinque
498 651 744 748 quadrantum3
770 677 861 751 quae
887 653 974 726 ratic
987 658 1021 726 br
1034 650 1265 747 sequentibus

73 788 219 863 queque
245 765 395 841 medelis
421 762 536 863 usque
562 766 608 842 ad
632 769 844 842 vicenariam
865 767 978 863 durat,
1005 767 1176 842 diametra
1200 790 1264 864 pcr

73 881 241 979 singulus
287 882 481 957 adieetinne
523 885 743 982 singularum
788 883 1016 982 quadrantem
1058 896 1263 957 crescente:

76 1009 118 1071 nt
151 999 185 1070 in
218 1000 371 1093 sellaria,
413 1023 503 1095 qnae
535 1024 604 1075 sex
638 1002 775 1075 scilieet
799 1000 1010 1097 quadrantes
1036 1002 1070 1074 in
1095 999 1265 1073 diametro

76 1112 194 1209 babet,
221 1126 258 1187 et
282 1116 493 1211 septenaria,
522 1139 613 1212 quae
638 1128 786 1215 septem,
821 1129 859 1192 et
884 1117 1051 1215 deinceps
1076 1116 1181 1189 simili
1205 1114 1263 1187 in·

76 1240 258 1305 enemente
283 1252 398 1325 usque
423 1229 468 1302 ad
497 1233 720 1307 vicenariam.

148 1344 278 1423 Omnis
303 1357 419 1420 autem
443 1346 606 1423 modulus
633 1351 809 1449 colligitur
833 1358 893 1423 aut
916 1348 1085 1423 diametro
1112 1355 1173 1420 aut
1197 1369 1263 1442 pe·
1288 1340 1339 1417 26

73 1464 220 1536 rimetrc
245 1472 305 1537 aut
329 1486 434 1537 areae
460 1487 642 1559 mensura3
666 1492 716 1542 ex
742 1467 870 1564 quibus
895 1476 932 1540 et
951 1465 1129 1563 capacitas
1151 1486 1263 1560 appa-

78 1631 310 1653 ..α-ι*

119 1776 267 1841 &amaru
283 1781 358 1852 ete.)
381 1780 409 1842 V
431 1780 454 1844 l*
482 1781 592 1843 durat:
613 1781 778 1847 diametros
791 1783 884 1848 dedet
903 1790 934 1845 et
951 1784 1157 1865 septenarius,
1189 1797 1266 1861 ptrue

74 1887 203 1961 septem,
224 1886 258 1942 et
276 1878 423 1963 deinceps
443 1884 503 1944 ete.
526 1882 631 1945 mediis
652 1884 784 1946 emlssle.
826 1880 867 1946 C:
889 1883 1101 1945 adiectionem.

117 1978 321 2057 incrementa)
344 1976 389 2047 Ut
413 1983 632 2046 incrementum.

116 2087 174 2140 eet
192 2095 289 2140 areae
308 2080 467 2160 mewa)
490 2077 533 2144 Gt
556 2081 621 2143 aad
637 2101 730 2145 ereue
749 2100 918 2146 mereare.
960 2080 991 2144 V
1011 2085 1043 2144 et
1064 2078 1140 2145 eddt
1162 2084 1266 2139 aeter
1298 2093 1331 2144 aa

75 2186 164 2242 reete
185 2195 355 2279 arenearae.
382 2197 459 2261 quae
480 2184 547 2243 urta
566 2181 689 2244 videtur
709 2182 800 2244 leetlc
823 2200 864 2243 ex
885 2180 962 2244 male
982 2180 1129 2259 sculptura
1150 2177 1266 2243 cudiclr

76 2280 122 2365 ὓς
144 2288 200 2344 ree
220 2303 291 2347 erec
317 2298 484 2345 merae.
526 2279 688 2343 Praeterea
703 2281 732 2344 V
750 2285 782 2344 et
802 2281 878 2345 edd:
900 2289 957 2342 aet
975 2299 998 2342 e
1013 2279 1174 2341 macae.
1190 2274 1265 2338 Seb.

74 2384 177 2462 leglte
198 2393 254 2446 aet
270 2402 311 2447 ee
331 2382 479 2445 dmm
499 2388 530 2441 et
545 2384 708 2461 perterrere
729 2389 785 2442 aet
803 2398 843 2442 ee
862 2399 957 2442 areae
975 2396 1127 2441 menaea.
1149 2378 1188 2439 de
1209 2376 1267 2439 tri-

76 2484 135 2545 bus
158 2482 324 2544 ratluulbus
346 2498 521 2561 perpesse
543 2498 707 2542 remanum
730 2497 800 2541 esse
818 2496 979 2559 asserem
1001 2481 1033 2542 et
1053 2480 1083 2540 lu
1105 2479 1182 2541 text.
1204 2491 1257 2536 rec

77 2582 174 2645 v'crba
193 2589 249 2644 eut
263 2585 428 2665 perimetru
448 2580 534 2641 uncle
555 2578 685 2642 inclusit.
728 2579 858 2643 Frustra.

118 2689 153 2743 et
171 2676 300 2763 cepere.)
323 2679 353 2744 V
375 2679 398 2743 F
420 2697 478 2742 um.
500 2687 540 2740 et.

118 2780 341 2863 differentiam)
363 2776 391 2842 U
412 2777 458 2841 Vt
481 2777 669 2862 differentia.
911 2854 913 2859 Ι

118 2881 236 2963 ἱρείη)
259 2874 303 2942 G:
324 2880 397 2961 ἱροί,
420 2877 489 2940 scll.
509 2894 565 2957 pru
588 2870 676 2960 ipail,
697 2875 718 2938 l.
739 2894 769 2940 c.
791 2878 902 2958 maes.

117 2987 154 3041 et
165 2978 313 3059 faetltee)
355 2976 409 3039 Sic
430 2972 466 3039 G.
487 2976 598 3040 Recte.
642 2975 685 3040 U:
708 2983 741 3039 et
751 2976 819 3056 fac.
866 2974 901 3036 ln
928 2975 1055 3037 eeterlsr
1079 2980 1122 3057 'et
1147 2981 1178 3035 et
1196 2972 1265 3053 fac.

117 3074 308 3155 substantia)
328 3074 459 3140 llureut.
482 3073 531 3135 ed.
552 3075 608 3138 rud
629 3080 745 3155 rpecte.
766 3078 830 3140 vet.
843 3078 960 3157 speeie.
993 3070 1138 3135 OPSOP.
1180 3068 1266 3133 Gli:

75 3176 258 3240 redataatte.
289 3175 368 3236 unde
397 3174 428 3235 ln
448 3173 480 3235 V
504 3178 537 3237 et
561 3193 624 3238 ree,
645 3176 764 3238 translit
783 3174 984 3237 substantiae.
1026 3171 1089 3235 Sed
1111 3167 1268 3233 tenendum

77 3280 138 3355 est,
161 3291 329 3357 persaeque
350 3273 380 3335 lu
400 3277 526 3357 utreque
547 3273 599 3336 llle
622 3274 728 3337 codice
748 3296 768 3337 e
789 3272 828 3357 (l.
841 3293 871 3337 e.
892 3271 948 3356 ae)
972 3291 1027 3353 per
1047 3269 1268 3349 negligentiam

75 3375 170 3438 scribi
190 3375 281 3435 etlam
301 3390 358 3453 pre
380 3391 402 3437 a
423 3376 474 3445 (ut
495 3392 587 3453 supra
607 3393 698 3436 ereae
718 3392 774 3455 pre
790 3380 911 3449 ureae).
942 3373 962 3435 J
985 3378 1055 3452 (pre
1076 3369 1265 3438 redelentia)

75 3472 207 3538 exbibet
226 3470 283 3535 aul
302 3475 418 3553 specte.
443 3474 476 3535 et
496 3473 527 3534 lu
547 3472 571 3534 l*
590 3491 645 3552 pre
666 3474 805 3536 aaran
825 3471 987 3536 ertantur.
1021 3469 1152 3547 legitur:
1185 3474 1219 3529 at
1237 3475 1270 3528 et

73 3578 108 3637 ta
127 3573 246 3654 speeie·
266 3570 298 3632 iu
317 3569 369 3634 V:
389 3580 433 3633 et.
454 3591 485 3635 a.
506 3572 585 3647 (sle)
606 3571 807 3637 ubstantiae,
827 3570 877 3633 De
894 3573 925 3634 vl
939 3567 1080 3633 vocubull
1095 3586 1127 3629 r.
1140 3564 1265 3628 Annutt.

46 3660 49 3667 ’
115 3669 260 3733 macter
278 3676 313 3732 et
330 3666 423 3751 cert.)
465 3669 549 3733 Libri
569 3670 688 3750 moder,
708 3669 870 3752 practerG
891 3674 923 3733 et
942 3669 1012 3748 J2‚
1036 3685 1054 3729 e
1074 3668 1184 3751 qulbus
1198 3665 1266 3729 Pel.

73 3770 228 3835 merua
269 3766 317 3835 Vt
338 3777 388 3832 eat
406 3777 483 3833 cert.

116 3876 151 3932 et
167 3872 306 3932 meatem
325 3866 433 3949 aspra
476 3868 511 3931 lu
538 3866 569 3930 V
594 3869 618 3932 F
643 3867 721 3931 baec
749 3867 843 3930 verba
868 3870 900 3930 ct
925 3868 1081 3951 sequentia
1108 3882 1204 3948 usque
1231 3864 1267 3925 ad

75 3971 165 4052 cepit
184 3970 345 4051 quinariae
363 3967 401 4028 ad
422 3966 507 4029 linem
529 3966 619 4029 buius
639 3965 708 4029 Art
731 3968 910 4032 emittuntur.

118 4077 150 4130 et
167 4067 243 4150 plue
263 4068 344 4149 petr.
364 4066 480 4129 uctred
500 4064 578 4143 etc.)
599 4066 667 4131 Pul.
689 4060 856 4145 vulgavitt‘
870 4071 1039 4150 putrerlam
1054 4066 1167 4149 etplue
1179 4083 1267 4147 quem

76 4189 127 4252 pu.
148 4175 311 4239 emacem
343 4165 404 4229 due
422 4174 480 4246 est,
512 4170 701 4229 crescencium
714 4172 892 4249 quinariae,
923 4176 955 4230 et
973 4167 1113 4248 seripula
1132 4168 1206 4242 tria,
1241 4173 1273 4226 et

78 4269 198 4330 bessem
217 4265 359 4345 rcrtputt.
403 4265 500 4329 lleete
521 4266 640 4346 quidem
663 4266 755 4327 verbu
777 4272 947 4350 maenam
968 4274 1007 4344 ct,
1042 4284 1118 4348 quae
1146 4264 1268 4324 allbris

76 4368 200 4445 absum,
233 4364 380 4428 restituit.
423 4365 486 4428 Sed
508 4384 570 4444 ege
593 4384 634 4428 ex
656 4364 740 4458 libris
773 4364 816 4438 (C
838 4365 865 4429 U
885 4368 904 4429 J
926 4370 957 4429 et
979 4362 1058 4444 rec.)
1093 4363 1265 4441 ablativum,
