2888 4710
72 192 147 267 130
510 181 922 265 ortensibus

171 417 334 494 rostris
367 415 492 490 sedis
522 419 628 491 Diri
659 418 787 513 dolii,
821 420 865 493 Ι).
897 419 948 493 K.
979 420 1138 495 iulias.
1191 420 1330 499 'l'ribus

170 537 333 633 Sergia
373 536 635 632 principium
673 535 765 607 suit.
816 535 902 607 Pro
938 535 1055 611 tribu
1095 534 1199 613 Sex.
1234 538 1278 613 11,
1296 541 1331 615 F.

170 656 324 727 Varro.
385 646 655 747 Quicumque
694 662 796 747 post
832 650 938 724 bano
976 651 1119 750 legem
1158 670 1334 752 rogatum

65 854 367 873 μ

164 966 200 1028 ad
224 968 269 1033 c.
293 969 321 1027 in
344 985 403 1049 quo
425 985 463 1027 eu
484 985 523 1027 eu
544 982 619 1047 que,
641 964 753 1026 litteris
774 972 856 1027 reete
879 967 1054 1048 dispositis,
1077 973 1148 1032 esta
1180 990 1237 1033 eae
1255 991 1333 1057 uqru.

165 1068 195 1128 lu
224 1068 328 1127 eodem
357 1084 424 1147 seq.
453 1064 554 1126 littera
581 1084 599 1125 e
627 1082 722 1144 noque
749 1062 940 1143 praecedenti
962 1086 1061 1150 aqua,
1090 1086 1189 1152 neque
1209 1074 1334 1151 sequenti

163 1188 286 1229 urumre
313 1166 473 1225 rouiuncta
498 1167 564 1239 est,
602 1163 657 1223 sed
687 1164 844 1224 interiecta
869 1165 933 1243 pari
963 1165 1121 1229 intervallo
1155 1167 1193 1229 nb
1221 1172 1334 1252 utroque

160 1264 310 1327 rorabuio
334 1265 445 1340 distat3
467 1263 546 1321 unde
568 1262 606 1322 ad
628 1265 784 1343 utrumque
805 1263 986 1341 pertinuisse
1008 1266 1185 1327 conjicimus
1200 1270 1235 1329 et
1248 1268 1334 1330 Fron-

162 1367 252 1425 tinum
282 1364 461 1441 scripsisse:
490 1380 590 1442 uqrrue
610 1379 759 1421 eurrrrure.
792 1360 913 1439 *Restat
934 1362 1018 1424 trium
1040 1364 1129 1424 eodd.
1152 1364 1247 1428 leotio
1268 1388 1334 1451 qaue

159 1484 227 1545 qum
272 1462 401 1525 Corrad.
424 1479 487 1520 eam
509 1462 634 1537 retinet,
656 1458 828 1538 explicans:
853 1460 901 1520 rel
919 1460 1017 1542 aliqua
1032 1480 1151 1541 orarum,
1173 1484 1252 1547 quae
1268 1486 1333 1549 qm-

158 1579 273 1642 eunque
290 1562 342 1620 ria
359 1558 408 1620 rel
425 1564 521 1636 parte.
549 1558 642 1640 Sequi
665 1560 763 1619 risum
785 1563 834 1620 est
855 1559 945 1634 Sub,
969 1561 1175 1623 emendantem
1197 1584 1332 1649 meque

157 1661 282 1721 Sriiiret
304 1681 321 1721 e
343 1663 373 1718 et
394 1678 415 1717 u
437 1658 574 1718 inlibris
600 1658 777 1736 saepissime
800 1663 923 1720 mutant.
965 1658 1053 1719 More
1076 1659 1181 1737 legum
1202 1664 1332 1727 seriber-

155 1762 273 1834 durum,
302 1776 338 1817 no
362 1759 429 1836 quis
451 1755 552 1834 legem
574 1757 729 1817 circumire
751 1757 867 1833 possit,
890 1775 948 1818 non
970 1758 1064 1818 solum
1086 1776 1183 1838 aquae
1204 1768 1332 1843 eunutae,

151 1858 206 1920 sed
230 1859 319 1918 etiam
342 1872 535 1936 unaquaeque
558 1873 697 1935 aquarum
718 1855 915 1930 significatur.

190 1958 301 2036 fluere)
331 1953 472 2015 Certatim
502 1955 547 2014 sio
575 1956 647 2031 post
670 1953 807 2016 Brisson.
837 1958 868 2014 et
895 1952 1012 2034 Opsop.
1039 1973 1216 2021 correxere.
1259 1962 1330 2023 Libri

151 2056 226 2116 enirn
255 2071 358 2114 omnes
381 2052 452 2131 slui,
478 2056 598 2131 praeter
620 2049 664 2127 C,
693 2052 721 2113 in
743 2071 802 2125 quo
822 2046 904 2131 fluis.
948 2051 1050 2115 Ortum
1072 2057 1179 2118 vitium
1202 2076 1246 2122 ex
1265 2061 1332 2122 nair

148 2156 296 2232 scriptura
314 2134 381 2232 {iue'
412 2151 432 2210 i.
451 2168 478 2210 e.
501 2150 609 2227 duero,
630 2152 709 2232 quod
727 2169 881 2230 perperam
904 2157 1020 2231 captum
1040 2172 1097 2232 pro
1115 2154 1181 2234 flui,

187 2271 368 2350 peruenire)
396 2266 425 2327 V
442 2267 482 2328 F:
501 2283 593 2346 prov.

185 2378 323 2467 possint]
351 2381 437 2442 deest
459 2381 488 2441 in
512 2380 601 2441 eodd.

186 2504 217 2559 iu
239 2502 279 2559 iis
300 2495 453 2576 uedifieir's
475 2499 550 2567 eto.)
581 2497 600 2556 ἰ.
619 2514 646 2557 e.
674 2496 750 2556 intra
777 2514 812 2557 ea
838 2496 988 2575 aedificia,
1018 2502 1050 2559 ut
1076 2498 1212 2580 loquitur
1233 2506 1328 2563 nostor

144 2597 212 2660 Art.
232 2600 300 2659 121.
344 2594 390 2655 ita
410 2594 429 2655 J
452 2601 483 2655 et
504 2611 564 2655 reo.
590 2593 726 2676 (quarum
749 2595 788 2655 ab.
811 2595 893 2669 luis),
920 2598 990 2657 item
1012 2598 1108 2661 Briss.
1131 2598 1200 2662 Pol.
1224 2604 1255 2662 et
1274 2620 1326 2681 po-

144 2699 305 2771 steriores,
334 2692 393 2753 nisi
419 2694 497 2773 quod
526 2694 545 2754 J
567 2693 714 2755 et'Briss.
736 2694 814 2755 inira
838 2694 949 2755 babent
975 2699 1005 2756 in
1026 2695 1136 2779 disque
1155 2696 1274 2775 bortis,
1298 2704 1326 2761 ut

144 2797 249 2857 iioinr.
278 2798 368 2876 inque
395 2795 435 2852 iis
462 2793 542 2853 bort.
584 2790 679 2872 Atqui
709 2792 803 2866 horti,
834 2793 955 2873 praedia
981 2793 1106 2877 iocoque
1129 2796 1324 2875 intelligenda

143 2901 231 2973 suut,
254 2910 329 2976 (purae
352 2892 429 2951 intra
450 2890 557 2952 Urbem
581 2896 612 2951 rt
634 2893 708 2951 intra
730 2890 865 2951 aeriisroia
882 2888 953 2952 Urbi
976 2894 1161 2957 continentia
1181 2902 1253 2959 suut
1271 2914 1323 2977 po-

142 2996 210 3055 sita.
254 2990 298 3053 C:
328 2995 358 3051 iu
384 2993 424 3051 iis
452 2991 544 3067 loeis,
574 3011 651 3073 quoe
676 2989 819 3069 aedificia
845 2990 913 3051 urbi
939 3000 1019 3053 cont.
1051 2996 1111 3055 ete.
1156 2992 1238 3059 UV
1256 2996 1279 3057 Ι11
1297 3000 1324 3055 et

143 3094 191 3156 ed.
212 3108 265 3172 pr:
295 3095 324 3151 iu
346 3088 394 3149 bis
416 3086 478 3169 [U2
501 3093 556 3162 iis)
586 3088 680 3163 loeis,
702 3108 827 3170 quorum
847 3089 1011 3151 deuterum.
1033 3092 1142 3153 mediis
1163 3094 1321 3173 neglectis.

143 3191 334 3253 Transiiuere
356 3187 499 3248 videlicet
516 3187 701 3248 librariorum
719 3185 799 3249 oculi
816 3188 948 3250 averbis
965 3192 996 3250 in
1010 3193 1050 3251 iis
1061 3190 1159 3273 aedifi
1181 3195 1220 3255 ad
1237 3192 1323 3254 rerba

143 3296 174 3353 io
194 3292 243 3352 bis
264 3289 363 3349 bortis
384 3294 415 3346 et
436 3286 524 3348 loeis.

180 3402 471 3488 possessoribusoe)
502 3399 599 3464 Codd.
628 3406 658 3462 ot
685 3401 757 3464 edd:
782 3400 1017 3484 possessoribus
1048 3401 1083 3466 V.
1112 3404 1149 3468 F.
1192 3406 1241 3468 Ex
1268 3426 1321 3489 quo

141 3505 203 3565 leri
226 3504 385 3563 mutatione
402 3501 547 3562 Pithoeus
570 3502 642 3561 i'eeit
661 3500 949 3581 possessoribusee:
972 3503 1013 3562 ita
1030 3503 1117 3563 etiam
1134 3505 1231 3569 Briso.
1247 3506 1321 3567 sori-

142 3606 218 3683 psit3
248 3603 289 3661 ita
316 3601 520 3661 ruediusiidius
548 3617 598 3659 res
625 3600 692 3678 ipsa
718 3600 838 3661 ridetur
861 3599 1006 3676 flagitare.
1049 3599 1139 3664 rob.
1182 3604 1320 3665 Nimirum

139 3698 426 3778 [dmum

178 3817 229 3878 rel
249 3813 352 3876 ottrib.
376 3819 453 3887 ete.)
489 3814 532 3877 C:
562 3813 718 3875 utaitrib.
740 3822 840 3874 estut
862 3817 928 3875 erit.
965 3815 1011 3876 De
1034 3834 1092 3898 qua
1112 3819 1320 3894 particularum

137 3917 188 3978 ort
208 3919 238 3975 et
260 3923 292 3975 ut
313 3914 529 3991 permutatione
553 3915 683 3973 diximus
705 3914 741 3972 ad
764 3911 891 3974 Aridi.
934 3913 1017 3974 liaeo
1039 3933 1131 3975 eausa
1153 3922 1222 3993 est,
1243 3918 1321 3997 rpuod

98 4000 101 4007 ¹
137 4020 165 4077 in
189 4016 238 4074 ed.
262 4030 306 4091 pr.
329 4016 361 4071 et
388 4012 410 4072 F
436 4009 549 4088 iegitur
577 4011 679 4073 uttrid.
701 4012 751 4073 eei
773 4021 806 4072 ut
825 4013 929 4073 satiet.
959 4015 989 4073 in
1010 4012 1030 4073 J
1038 4024 1048 4072 τ
1075 4014 1180 4075 uttrib.
1204 4028 1253 4077 est
1272 4016 1321 4077 vel

134 4126 167 4177 ut
182 4112 287 4175 satiet.
311 4112 339 4170 in
361 4126 427 4172 ree:
450 4110 501 4171 oei
522 4114 579 4170 erit
601 4112 760 4171 adsultat.

174 4235 291 4289 eentum
312 4220 426 4303 mitiis)
450 4224 521 4284 Seb.
544 4226 624 4287 addit
639 4231 732 4289 rueris.
763 4225 923 4304 intellige:
945 4226 1016 4298 118,
1042 4226 1139 4290 luira:
1161 4229 1230 4292 HS.
1245 4250 1321 4292 eco-

133 4340 194 4391 tum
215 4326 322 4386 millio.
