2888 4710
408 267 412 276 ,
518 174 925 257 unouurnus

174 410 287 511 cipum
316 412 572 485 commentariis
598 409 890 509 comprehensum
916 417 982 501 est,
1009 430 1124 507 usque
1146 406 1351 495 aduosiram

175 552 295 600 curam
334 527 465 602 habere
497 530 577 603 visa
612 529 659 600 sit
699 537 935 624 quantumque
972 522 1197 623 erogaverit3
1237 522 1351 599 deinde

172 666 273 739 quern
300 645 368 742 ipsi
395 643 606 743 scrupulosa
632 641 873 739 inquisitione,
912 656 1103 739 praeeunte
1142 638 1353 739 providentia

171 758 292 854 optimi
323 759 651 858 diligentissimique
689 758 837 832 Nervae
871 756 1069 854 PrincipiS,
1107 755 1351 831 invenerimus.

170 873 290 948 Fuere
341 898 429 973 ergo
478 880 512 948 in
565 877 825 948 commentariis
875 876 910 945 in
960 878 1127 947 universo
1176 877 1352 969 quinariae

169 976 468 1081 ζῆῑῖιιοοιν,
496 995 531 1063 n
557 972 1050 1088 eiogmone'ur'uxvru,
1076 989 1158 1087 prm
1183 992 1222 1061 n
1237 986 1353 1061 mar-

172 1111 315 1182 butione
329 1131 432 1203 quarn
447 1110 481 1178 in
491 1116 637 1205 accepto
648 1109 912 1207 computabatur
921 1110 1091 1205 quinariis
1097 1100 1353 1181 Mochxlll.

170 1226 290 1299 Huius
316 1227 368 1296 rei
395 1221 589 1319 admiratio,
619 1247 699 1297 curn
723 1230 951 1322 praecipuum
977 1220 1085 1295 officii
1110 1243 1204 1319 opus
1231 1225 1265 1294 iu
1291 1244 1353 1295 en·

172 1338 339 1440 ploranda
365 1336 433 1411 fide
461 1360 630 1432 aquarum
655 1351 761 1435 atque
787 1345 888 1438 copia
907 1337 1098 1426 crederem,
1127 1358 1198 1409 non
1220 1334 1353 1410 medio·

171 1462 277 1530 criter
310 1480 366 1529 me
401 1458 571 1527 conuertit
606 1452 649 1526 ad
676 1455 920 1549 scrutandum,
962 1449 1255 1552 quemadmodum
1281 1477 1353 1526 am-

172 1573 264 1671 plius
283 1580 501 1668 erogaretur,
526 1593 630 1665 quam
657 1576 691 1647 in
716 1578 934 1669 patrimonio,
961 1581 1000 1645 ut
1024 1576 1072 1645 ita
1098 1567 1225 1665 dicam,
1249 1578 1354 1643 esset

174 1689 273 1762 Ante
299 1691 414 1773 omnia
441 1690 557 1781 itaque
584 1692 697 1785 capita
724 1686 891 1763 ductuum
904 1691 1022 1762 metiri
1039 1707 1243 1783 aggressus
1257 1708 1353 1775 sum3

172 1803 238 1876 sed
270 1803 396 1899 longe,
432 1799 468 1874 id
499 1812 555 1874 est
588 1807 729 1877 circiter
761 1809 997 1901 quinariarum
1032 1802 1156 1875 decem
1190 1800 1352 1893 millibus,

173 1917 376 2016 ampliorem
403 1940 506 2013 quam
533 1922 567 1989 iu
593 1926 852 1995 commentariis
878 1918 1020 1995 modum
1045 1921 1181 2012 inveni,
1221 1928 1258 1989 ut
1296 1940 1356 2017 per

174 2034 335 2133 singulas
362 2032 623 2108 demonstrabo.
1064 2102 1067 2109 .

99 2150 151 2225 65
248 2148 393 2249 Appiae
419 2155 454 2222 in
479 2158 739 2225 commentariis
767 2151 966 2251 adscriptus
997 2160 1053 2224 est
1076 2148 1205 2224 modus
1232 2154 1355 2246 quina-

174 2271 304 2341 riarum
336 2262 594 2344 Dcccxln.
652 2267 770 2345 Cuius
813 2266 953 2366 quidem
994 2265 1039 2340 ad
1073 2276 1177 2364 caput
1212 2264 1356 2341 inverriri

107 2450 331 2469 m

219 2570 268 2638 ut]
291 2565 335 2632 0:
356 2573 418 2628 aut.
461 2564 528 2628 Non
547 2568 666 2644 mimm,
690 2584 777 2648 quum
801 2575 835 2630 et
854 2566 1038 2629 scriberetur
1058 2544 1089 2643 ιῖ,
1111 2573 1166 2629 aet
1185 2574 1290 2634 autem
1311 2590 1356 2637 aa.

216 2670 334 2747 dapne)
357 2666 387 2728 V
407 2667 447 2730 Fr
469 2669 523 2728 ita.
535 2698 575 2710 --
596 2670 779 2745 oppressus)
802 2663 845 2727 U:
866 2685 1017 2746 apresens.

218 2769 322 2848 quara)
344 2764 391 2830 V:
413 2768 560 2848 quact-
579 2765 714 2839 modum)
734 2765 774 2828 F:
795 2784 954 2829 nummum.
975 2763 1022 2837 vg
1044 2784 1139 2829 ome.
1203 2836 1207 2841 ,

109 2883 142 2935 oo
216 2863 414 2930 ccccxiii.
455 2865 549 2929 Ceios
572 2866 702 2947 quidem)
744 2862 811 2925 Pol.
833 2864 933 2929 uenit:
959 2864 1159 2931 vocem
1178 2867 1235 2931 Aa
1256 2860 1373 2953 caput(

175 2964 239 3029 Sed
256 2964 326 3027 libri
347 2980 469 3026 omncs:
496 2964 607 3029 DCCC
625 2967 859 3046 uniuscuiusque
878 2964 923 3026 ad
943 2982 1038 3047 cap.,·
1058 2966 1091 3027 et
1110 2965 1141 3028 in
1156 2962 1184 3027 U
1199 2968 1356 3051 iuterpun-

174 3065 274 3142 gitur:
295 3063 415 3128 Dedo.
438 3064 679 3147 Unimanum-apae
699 3063 743 3124 ad
764 3082 846 3145 cap,
867 3066 900 3126 ut
920 3062 985 3141 legi
1006 3062 1090 3125 iubet
1103 3060 1242 3144 Corrnd,
1263 3070 1357 3131 inter-

175 3167 317 3246 pretans:
338 3161 492 3243 Incipiens
514 3182 532 3225 a
553 3164 651 3243 capite
671 3162 793 3243 Appiae
814 3180 910 3246 mque
930 3163 968 3224 ad
990 3162 1114 3243 calcem,
1126 3165 1358 3250 uniuscuiusque

174 3258 365 3346 (quinariae)
380 3279 518 3323 mensura
537 3262 664 3323 inveniri
686 3279 746 3324 non
766 3261 879 3342 potuit,
900 3262 1037 3345 quoniam
1059 3260 1194 3343 (Appia)
1217 3282 1259 3331 ex
1282 3269 1359 3329 duo.

172 3362 230 3424 bus
250 3363 328 3424 rivis
348 3364 479 3425 constat.
522 3359 653 3424 Secutus
674 3380 739 3423 sum
760 3359 834 3425 Sch.
874 3360 1010 3441 Respice
1031 3362 1188 3426 universa:
1209 3362 1249 3425 ad
1272 3370 1360 3447 caput

172 3462 290 3544 quidem
310 3479 447 3523 mensura
466 3460 603 3545 inveniri,
615 3450 676 3521 non
696 3461 812 3540 potuit;
833 3460 872 3523 ad
893 3458 1045 3525 Gemellas
1064 3468 1165 3524 tamea
1187 3462 1293 3527 iuveni
1312 3465 1359 3527 ai·

170 3559 325 3623 titudinem
348 3563 408 3622 eto.

74 3728 75 3733 γ
212 3660 342 3721 inveniri
361 3662 471 3732 meas.)
492 3657 566 3723 Scir.
587 3658 713 3737 corrigit
731 3661 812 3722 iniri.
855 3656 948 3721 Certe
965 3659 1034 3723 nrt
1058 3663 1113 3724 692
1146 3679 1291 3725 mensura
1310 3660 1370 3727 ἅμ’

169 3759 269 3820 veniri
287 3762 478 3837 scaporum.
500 3758 663 3841 eademque
683 3758 801 3822 ratione
822 3757 891 3821 Art
909 3760 959 3819 1⁹.
981 3762 1032 3821 oo.
1053 3761 1110 3823 oi:
1132 3763 1210 3821 inire
1229 3764 1358 3827 modun.

169 3855 239 3919 aaa
263 3857 340 3917 104:
361 3857 440 3917 inire
458 3875 619 3919 nnmerum.
638 3856 783 3919 Attamen
800 3857 890 3918 etiam
908 3876 1051 3919 mensura
1075 3860 1207 3925 inueniri
1227 3859 1359 3939 legimus

165 3956 235 4019 Art.
259 3956 308 4015 io.
330 3956 379 4016 il.
402 3956 454 4031 te,
475 3956 541 4017 sine
563 3955 625 4017 ulla
646 3954 788 4018 iectionis
808 3956 966 4018 varietate.

207 4055 258 4136 qui
278 4050 562 4127 loma-Veterem)
584 4050 678 4116 [ineis
695 4053 771 4116 haec
789 4054 915 4117 inclusit
928 4052 1014 4133 Scin,
1029 4059 1062 4119 ut
1082 4074 1124 4119 ex
1135 4058 1206 4121 Art
1223 4064 1245 4123 5
1261 4078 1356 4141 repe-

165 4154 231 4216 ota
272 4149 421 4213 Nardinua
442 4149 532 4214 Rom.
553 4151 624 4215 Vct.
646 4151 717 4216 vil.
738 4157 758 4215 4
780 4154 925 4231 corrigit:
947 4157 1029 4219 intra
1048 4159 1194 4222 amman
1207 4158 1354 4227 Veram.

168 4273 200 4315 v.
222 4248 290 4315 Pol.
321 4247 433 4313 anJ
453 4267 512 4310 om.
533 4259 590 4313 eat.

201 4349 371 4424 Gemellae)
393 4346 420 4415 0
435 4347 471 4427 F,
492 4348 562 4413 itam
575 4351 649 4414 inira
672 4350 698 4417 C
714 4350 761 4415 U:
785 4352 945 4417 Gemellos.
