2888 4710
513 175 926 259 FRON'l'lNUS-

173 411 316 484 vitiabat
341 421 500 486 octeras:
535 435 639 508 nam,
667 435 745 483 curn
772 410 990 485 editissimus
1015 412 1136 487 veniat
1161 418 1196 482 et
1222 415 1259 485 in
1280 409 1345 509 pri·

173 528 241 599 mis
280 526 485 625 abundans,
526 528 714 602 defectioni
752 527 897 600 aliarum
934 533 1121 618 succurrit
1180 526 1348 625 Imperitia

172 667 259 715 reru
287 645 518 740 aquariorum,
546 643 791 718 deducentium
818 644 853 716 in
879 644 1014 718 alienos
1041 660 1120 718 eum
1136 666 1273 743 specus
1286 643 1347 717 lre-

176 759 349 855 quentius,
378 785 479 857 quam
507 761 725 857 explemento
752 783 842 855 opus
870 770 966 856 erat,
1008 762 1111 835 etiam
1138 758 1349 834 sufficientes
1396 744 1399 801 ¹

175 899 287 972 aquas
312 876 521 972 inquinabat,
550 877 699 950 maxime
725 873 922 971 Claudiam,
950 899 1051 972 quae,
1078 875 1268 975 permulta
1281 873 1351 947 mil·

176 995 222 1067 lra
260 1015 430 1090 passuum
466 993 609 1090 proprio
648 989 752 1065 ducta
790 993 890 1087 rivo,
930 991 1069 1065 Romae
1105 992 1252 1066 demum
1283 1014 1352 1065 curu

178 1109 323 1189 Anione
347 1108 537 1206 permixta,
576 1108 611 1180 in
642 1105 710 1186 hoc
741 1118 881 1206 tempus
906 1105 1077 1206 perdebat
1100 1118 1352 1208 proprietatem

178 1224 357 1322 Adeoque
383 1223 650 1299 obvenientibus
676 1247 744 1298 non
770 1223 1067 1318 succurrebatur,
1106 1233 1147 1296 ut
1170 1223 1353 1322 pleraeque

179 1351 448 1415 accerserentur
472 1363 537 1436 per
561 1337 825 1438 imprudentiam
849 1363 918 1412 non
944 1340 993 1412 uti
1019 1337 1163 1436 dignum
1186 1348 1265 1413 erat
1279 1363 1353 1437 par·

177 1458 354 1549 tientium3
380 1455 553 1530 Marciam
577 1465 616 1529 ut
639 1455 763 1553 ipsam,
791 1452 980 1552 splendore
1005 1468 1042 1530 et
1066 1455 1203 1553 frigore
1229 1459 1353 1553 gratis·

180 1572 316 1666 simam,
343 1571 479 1645 balneis
505 1594 548 1644 ac
572 1570 764 1646 fullonibus
791 1579 827 1643 et
850 1571 964 1644 relatu
989 1594 1128 1672 quoque
1153 1571 1272 1648 loedis
1295 1574 1354 1644 mi·

105 1685 156 1762 92
180 1689 333 1762 nisten'is
367 1684 700 1784 deprehenderimus
732 1686 955 1761 servientem
1006 1682 1148 1764 Omnes'
1171 1710 1265 1786 ergo
1288 1684 1353 1760 dis·

182 1804 278 1877 cemi
303 1803 443 1900 placuit,
470 1812 541 1877 tum
568 1801 729 1900 singulas
754 1801 801 1873 ita
828 1801 996 1900 ordinari,
1023 1815 1061 1877 ut
1078 1804 1112 1877 in
1125 1800 1353 1903 primislllar-

181 1918 236 1994 eia
269 1918 366 2019 potui
398 1927 470 1993 tota
495 1919 669 2013 serviret,
711 1926 746 1991 et
782 1915 949 2017 deinceps
983 1919 1138 2016 reliquae
1171 1916 1355 1994 secundnm

182 2059 285 2108 suam
311 2057 471 2131 quaeque
497 2034 696 2131 qualitatem
722 2032 811 2133 aptis
828 2035 954 2111 usibus
967 2037 1250 2133 assignarentur,
1276 2034 1357 2109 sieut

181 2149 280 2226 Anio
304 2150 425 2223 Vetus
463 2149 622 2249 plmibus
657 2175 703 2223 ex
729 2151 873 2246 causis,
914 2174 983 2246 quo
1020 2151 1164 2225 inferior
1196 2150 1357 2249 excipiar

181 2267 296 2340 minus
322 2266 497 2361 salubris,
536 2267 571 2340 in
608 2265 787 2341 hortorum
826 2267 1034 2365 rigationem
1060 2279 1167 2364 atque
1195 2267 1236 2343 iu
1255 2266 1357 2367 ipsius

190 2632 302 2711 alglum
327 2633 599 2718 deprehendimus3
622 2639 653 2697 ot
673 2638 831 2717 postquam
853 2632 1103 2718 deprehendimur
1124 2640 1278 2713 emmiu,
1297 2652 1358 2719 prr-

190 2732 282 2797 tioula
303 2744 337 2797 ut
357 2733 484 2796 delenda
505 2753 576 2797 esse
597 2735 764 2796 ridebatur.

229 2849 290 2933 epl.
313 2858 344 2911 et
362 2853 465 2930 ripere
484 2854 548 2930 pr.)
577 2851 698 2931 stipere
718 2848 791 2914 Sub.
814 2848 863 2911 Cf.
880 2849 949 2913 Art.
971 2854 1022 2912 93.
1045 2849 1108 2913 Sed
1129 2868 1235 2913 verum
1255 2855 1306 2915 eat
1322 2853 1361 2913 ri-

186 2968 272 3031 pore.
313 2949 390 3012 Plin.
419 2951 518 3029 Epist.
545 2958 576 3027 8,
599 2955 630 3027 8,
647 2954 678 3010 4.
705 2948 781 3012 Plin.
803 2949 842 3012 H.
863 2948 901 3011 N.
924 2949 994 3013 Vll.
1016 2970 1047 3029 p.
1067 2953 1118 3013 50.
1140 2949 1232 3012 calor
1249 2960 1306 3013 aut
1322 2953 1362 3013 rt»

189 3067 257 3129 por.
300 3047 350 3113 Ol.
370 3049 485 3113 XXXl.
507 3069 538 3128 p.
560 3052 609 3111 99.
632 3053 663 3110 et
682 3067 712 3128 p.
738 3054 807 3111 102.
849 3048 881 3112 A
902 3048 953 3112 Gr.
977 3045 1079 3130 ῥῖἵος.
1100 3047 1242 3113 nullut
1271 3053 1365 3130 mom

190 3168 232 3212 ex
257 3147 324 3211 edd.
346 3150 470 3227 repetiit
493 3150 581 3211 etlam
602 3147 669 3212 Pol.
707 3148 769 3211 Sed
791 3167 852 3225 ego
873 3149 904 3211 ln
926 3147 952 3212 G
973 3150 1081 3212 video:
1104 3130 1308 3231 ercamrai·
1325 3152 1365 3211 ri·

189 3265 266 3329 porc
287 3256 320 3311 et
336 3255 418 3329 prat.
441 3266 481 3308 ex
502 3267 561 3328 quo
583 3247 694 3311 librarii
715 3248 849 3312 codicum
871 3245 898 3308 U
919 3246 1083 3310 Vlccere:
1119 3249 1184 3329 spl.
1211 3254 1245 3311 ἐι
1271 3253 1367 3331 νίφα

191 3359 222 3413 et
250 3368 300 3430 pr.
343 3348 412 3425 ugo
445 3348 543 3410 luisse
564 3348 667 3426 potius
688 3346 808 3426 primam
830 3366 941 3409 manum
963 3348 1091 3408 arbitror
1116 3348 1287 3429 splendore
1310 3348 1368 3429 fri-

190 3465 281 3528 porc,
312 3445 486 3529 particulam
517 3451 615 3509 autern
641 3455 672 3508 et
693 3446 790 3508 locum
811 3451 953 3511 mutasse.
985 3446 1103 3507 lltenlm
1123 3444 1244 3511 litterae
1265 3452 1280 3511 ὃ
1300 3448 1369 3530 ets,

192 3551 245 3610 aut
264 3566 365 3627 parum
389 3546 420 3609 iu
441 3547 529 3609 llbrls
558 3550 610 3608 aut
630 3545 706 3609 nihil
727 3547 919 3623 differentes,
947 3544 1017 3624 plus
1039 3545 1133 3612 semel
1159 3553 1369 3627 permutantur.

192 3644 336 3711 Profecto
357 3649 443 3726 τῖμον
463 3645 543 3708 laudi
561 3663 630 3708 esse
651 3664 745 3729 aquae
765 3663 826 3710 nou
846 3648 966 3726 potcst3
992 3642 1126 3709 landatur
1144 3650 1244 3712 mum
1262 3648 1369 3733 [πέμ.

193 3743 242 3807 Cf.
262 3744 392 3809 Amata
583 3752 587 3771 ¹

232 3860 419 3943 fullonibus)
439 3861 459 3923 J
478 3865 511 3925 ct
531 3878 599 3927 rec:
620 3862 792 3943 sorbuere.

232 3977 356 4061 suedia)
380 3976 424 4042 C:
443 3978 543 4060 fidem.
565 3978 593 4041 U
612 3977 659 4041 V:
678 3977 761 4058 fidis.

126 4097 162 4150 92
234 4089 386 4177 reliquae}
408 4092 487 4154 lldd.
508 4096 579 4158 vel:
598 4096 802 4180 reliquaeque.

237 4227 373 4297 quaeque
394 4208 519 4294 qualit.)
546 4210 640 4275 Vl':
661 4192 997 4296 quamque.ub'litatem.

236 4325 382 4413 inferior)
403 4327 472 4394 Pol.
493 4329 526 4393 et
546 4324 658 4391 llelnr:
679 4333 816 4393 interior.
837 4349 871 4392 v.
891 4332 1020 4401 Amore
