2888 4710
75 166 153 247 &0
495 167 937 248 ANNO'l'A'l'lssNlllS.

77 408 204 486 privatis
225 408 339 484 agatur,
362 407 448 467 extra
463 403 571 467 Urbem
594 405 623 465 in
644 406 730 483 agris
749 424 852 488 aquam
873 405 1006 466 tilleitam
1028 405 1058 466 in
1074 424 1159 466 usum
1181 424 1267 467 sunm
1285 424 1353 467 con·

76 524 196 584 vertere
219 521 417 583 studentibus.
460 519 534 582 0rta
555 518 648 583 lectio
676 525 798 604 aquarii
819 525 867 583 est
886 540 942 600 per
963 520 1114 582 librarium
1136 521 1258 582 codicis
1278 521 1353 598 Vat,

77 657 131 718 pro
155 657 243 719 quam
265 641 288 698 ii
309 637 487 698 scribentem
510 639 592 718 aqua
613 641 652 715 ii3
673 638 770 715 unde,
793 637 872 718 quod
895 655 954 699 non
975 637 1102 710 urireris,
1125 637 1158 696 in
1181 636 1254 698 edd.
1277 639 1353 698 tran-

77 754 129 815 siit
148 757 281 835 aquarii.
324 751 540 815 destinabimus
562 752 598 812 ad
621 752 745 834 reliqna.
788 751 922 814 Genuina
942 770 1012 814 esse
1032 752 1125 813 verba
1146 756 1197 814 ius
1213 771 1353 835 aquarum

78 873 267 951 impetratum
288 867 415 942 latent,
445 886 485 928 ex
512 866 579 947 ipsa
598 867 726 929 formula
751 871 880 938 constat.
912 867 998 929 ·Tunr
1020 867 1088 929 Pol.
1111 868 1207 929 rerba
1229 887 1316 950 quam
1333 871 1354 928 ii

78 989 131 1068 qui
152 984 352 1045 demonstrare
373 983 513 1062 affirmat,
536 986 566 1044 iu
587 983 839 1063 praecedentibus
859 983 1055 1063 supplendum
1078 1001 1148 1044 esse
1169 991 1234 1044 tam
1256 986 1281 1045 ii
1300 986 1352 1066 poi

77 1100 268 1162 Rectissime.
293 1099 414 1163 Deinde
435 1100 464 1160 in
486 1100 535 1177 iis,
559 1118 633 1181 quae
653 1103 778 1176 restant,
800 1101 857 1160 lam
880 1097 1005 1162 Corrad·
1028 1103 1060 1160 et
1081 1098 1156 1160 Scir.
1172 1099 1350 1175 sentiebant,

79 1216 116 1277 ad
138 1215 315 1277 sententiam
335 1215 475 1298 plerique
495 1235 601 1276 monus
622 1215 786 1277 attulerunt
813 1217 979 1276 desiderari
1000 1217 1031 1278 in
1053 1215 1254 1297 sequentibus
1276 1213 1352 1275 alian

79 1332 256 1392 seutentiam
286 1331 515 1410 participialiter
539 1331 752 1408 introductam3
780 1333 869 1411 atque
891 1332 984 1392 totins
1011 1329 1072 1391 loci
1094 1348 1171 1391 nunc
1195 1349 1235 1391 ea
1262 1331 1351 1391 evasit

78 1446 211 1522 indoles,
240 1448 273 1507 ut
294 1451 375 1508 rente
399 1465 453 1507 eos
475 1448 610 1507 sensisse
631 1445 771 1507 iudicem.
813 1445 907 1506 Porro
930 1466 1039 1508 cursus
1060 1448 1146 1507 trium
1169 1446 1264 1507 codd.
1285 1464 1350 1507 auc

79 1564 200 1624 toritate
222 1562 341 1639 nitilnr3
376 1563 474 1643 quod,
503 1563 529 1622 si
553 1563 713 1640 genuinum
735 1563 801 1639 est,
829 1580 915 1642 quum
938 1581 1043 1624 cursus
1064 1579 1205 1643 aquarum
1228 1561 1350 1638 intelligi

79 1677 222 1755 debeant,
252 1679 317 1739 sine
340 1677 441 1738 addito
469 1697 617 1760 aquarum
642 1696 742 1756 parum
770 1678 921 1738 commode
948 1679 1078 1756 ponitur.
1118 1676 1263 1758 Denique
1284 1678 1352 1738 inter

80 1793 154 1854 duas
173 1793 299 1872 phrases
329 1811 440 1854 eureus
460 1811 606 1875 aquarum
634 1797 664 1854 et
690 1797 739 1854 iae
759 1812 904 1876 aquarum
925 1791 1057 1854 lacunam
1085 1810 1157 1854 osse
1185 1793 1350 1871 contend03

79 1910 288 1970 conniventem
310 1906 478 1987 librarium,
507 1910 632 1971 externa
651 1907 864 1970 vocabulorum
887 1908 1097 1986 similitudine,
1120 1911 1153 1970 ut
1173 1907 1225 1988 lit,
1247 1910 1353 1989 decep-

78 2028 154 2102 tum,
184 2043 202 2085 a
223 2044 331 2086 aursus
351 2022 528 2085 transiliisse
549 2025 587 2086 ad
608 2028 658 2087 ius
678 2042 822 2106 aquarum
843 2025 998 2104 mediaque
1021 2023 1175 2103 omisisse,
1208 2026 1295 2086 onius
1313 2025 1352 2086 rei

78 2142 241 2218 vestigium
264 2141 293 2199 in
316 2141 449 2201 monstro
471 2159 508 2201 uo
529 2139 643 2201 codicis
666 2139 692 2204 C
712 2141 904 2217 remanserit3
926 2138 1098 2201 Frontinum
1125 2142 1225 2201 autem
1246 2158 1354 2201 meno-

77 2257 140 2316 riae
162 2255 316 2334 podidisse
346 2257 540 2335 sententiam,
567 2255 664 2338 qualis
693 2259 741 2316 est
767 2254 862 2317 haec:
888 2255 1082 2338 per-latera
1107 2259 1228 2338 passim
1253 2275 1355 2318 cursus

78 2389 225 2453 aquarum
246 2374 277 2432 in
298 2390 382 2437 usam
402 2392 488 2434 suum
508 2380 693 2448 avertentes,
715 2380 777 2432 lam
796 2375 831 2450 ii,
852 2376 904 2455 qui
924 2374 973 2432 ius
993 2390 1140 2453 aquarum
1160 2375 1280 2454 impetr.
1301 2373 1354 2433 etc.

79 2486 237 2566 Superest,
260 2487 350 2548 uide
371 2488 533 2568 postremis
548 2486 609 2548 loei
631 2486 734 2548 verbis
756 2488 861 2566 paucis
881 2486 1046 2548 absolvam.
1069 2487 1271 2569 Inquirclnam,
1293 2507 1353 2548 uun

78 2602 149 2684 quid
169 2603 300 2664 sortasse
321 2604 352 2663 in
375 2604 463 2664 codd.
485 2603 617 2664 lectione
639 2603 936 2685 quantulumeunque
958 2602 1093 2683 beneficii
1113 2607 1293 2666 occasionis
1312 2602 1355 2664 la-

78 2720 173 2795 teret,
202 2717 367 2794 avulgata
388 2720 560 2781 diversum:
590 2718 645 2779 sed
668 2721 859 2798 corruptione
886 2720 996 2780 tantum
1018 2717 1153 2779 laborare
1174 2719 1246 2780 milri
1268 2721 1356 2781 vidc-

78 2834 194 2896 bantur.
236 2834 313 2895 Post
333 2835 554 2915 enpupnandos
575 2839 671 2896 autern
692 2835 804 2895 inserui
827 2853 891 2910 eos,
913 2852 956 2895 so.
979 2835 1101 2897 ductus:
1129 2837 1219 2916 atque
1242 2855 1356 2918 sepap-

79 2970 153 3011 aare
170 2950 277 3012 duetus
299 2952 449 3031 exquisita
470 2951 582 3011 locutio
606 2955 664 3028 est,
687 2949 859 3028 significans
881 2952 945 3012 lere
966 2949 1055 3029 idem,
1077 2952 1159 3031 quod
1180 2969 1273 3031 supra
1293 2971 1355 3014 nna-

79 3086 136 3128 nuo
152 3067 267 3148 afferre
293 3064 451 3144 ductibus,
481 3084 588 3149 nempe
613 3066 778 3142 „ductibus
804 3065 894 3143 potiri
923 3068 1021 3148 iisque
1048 3083 1104 3146 pro
1133 3065 1229 3131 lubitu
1257 3087 1355 3130 manns

78 3181 225 3245 ali'erre.“
316 3198 321 3210 ·
655 3232 663 3245 .

160 3297 397 3381 coaequandos)
431 3315 475 3358 sc.
499 3282 616 3375 ductus,
638 3299 657 3359 i.
680 3317 708 3360 e.
731 3298 973 3378 cerrumpcndos.
1017 3295 1140 3384 Quintil.
1161 3296 1234 3360 Xll.
1260 3305 1289 3378 1,
1309 3303 1353 3361 dd.

75 3412 157 3475 'Plim
178 3412 218 3476 Η.
238 3414 277 3476 Ν.
300 3419 351 3498 36.
373 3433 404 3492 p.
427 3418 498 3476 362.
541 3413 609 3478 nm.
631 3412 688 3475 lx.
706 3416 762 3479 26:
785 3433 965 3495 eupupnars
983 3417 1189 3499 quaestiones,
1212 3432 1268 3497 pro
1290 3414 1353 3476 irri

82 3533 129 3592 u·
151 3530 263 3607 lacere,
286 3533 436 3592 evertere.
459 3528 598 3594 lilleR.

162 3641 403 3726 contumacibus)
425 3645 518 3708 Iidem
540 3646 609 3709 Art.
633 3650 690 3709 130
713 3654 943 3730 contemptores.

162 3762 374 3843 intentaretur)
398 3760 448 3825 Cf.
470 3762 539 3825 Art.
564 3766 636 3827 130:
656 3781 784 3846 poenam
805 3762 971 3826 intendere.

689 3965 757 4026 129.

166 4111 200 4172 Τ.
225 4109 368 4198 Quintius
389 4113 565 4194 Crispinus)
595 4112 644 4195 qui
671 4131 736 4174 oum
756 4111 879 4175 Nerone
902 4111 1028 4176 Claudio
1049 4113 1152 4175 Druso
1175 4113 1355 4175 consulatum

81 4227 191 4303 gessit.
235 4224 370 4304 Onnphr.
391 4226 516 4289 Panvin.
538 4229 575 4288 nd
596 4248 625 4288 a.
647 4227 686 4289 U.
709 4232 780 4292 ua.

160 4343 444 4425 populum-seivit)
481 4343 631 4421 Legitima
652 4344 745 4406 verha
777 4348 864 4424 sunt,
893 4363 967 4426 quae
996 4343 1080 4406 initio
1110 4344 1254 4428 cuiusque
1282 4345 1357 4423 lecit
