2888 4710
86 188 159 262 174
506 186 947 266 ,tnnonn'nronns

702 509 750 568 it.

169 665 257 722 etiam
283 676 341 740 per
369 659 489 738 species
517 674 640 738 operum
666 655 851 737 eompleelr‘)
876 655 901 716 i.
925 675 951 714 e.
984 655 1023 714 itu
1049 654 1231 733 complecti,
1264 659 1295 714 ut
1313 673 1354 715 ros

86 798 145 840 oon
168 783 223 838 taor
241 792 282 834 cx
298 772 421 833 aliorum
440 774 658 833 commentariis
681 772 789 842 (actis)
812 788 1046 847 cognoscerem,
1068 789 1154 852 quam
1172 772 1238 851 ipse
1257 772 1353 831 obirem

85 902 116 956 et
137 893 270 954 meismet
291 889 389 951 oculis
411 888 550 951 intuerer.
579 887 748 969 complecti
768 892 801 951 ut
823 887 1076 968 comprehendere
1097 906 1151 966 pro
1170 893 1291 963 tenere,
1311 905 1353 947 rr-

85 1016 187 1070 eurato
212 1023 414 1083 cognoscere·
458 1005 523 1069 Clo.
546 1001 613 1065 cu.
636 1002 688 1065 lll.
710 999 744 1083 3.
761 1008 791 1064 l.
833 1002 972 1065 HlilNli.
1015 1003 1077 1065 Per
1098 1007 1225 1085 species
1248 1023 1354 1086 opernm

84 1125 245 1206 complecti
265 1121 337 1186 Seb.
360 1121 479 1197 reddit3
503 1118 623 1197 „durcb
645 1116 778 1180 Umrlssc
800 1119 853 1179 der
872 1119 955 1180 Baue
983 1119 1143 1180 darstclleu
1167 1140 1205 1180 uu
1223 1119 1352 1181 lassad:

83 1245 117 1302 nl
138 1242 261 1322 aperies
281 1237 357 1296 idem
380 1236 440 1296 nint
463 1236 541 1316 quod
562 1236 638 1295 inira
657 1235 795 1315 formae,
819 1234 1049 1312 ,‚Grundrissc‘'·.
1094 1233 1144 1298 Ci.
1167 1235 1351 1297 seuvino.

82 1357 152 1418 i'rrt
174 1354 289 1435 quidem
313 1351 461 1428 latinitas,
488 1351 540 1410 sed
562 1369 612 1410 res
632 1369 787 1431 rerumque
810 1351 980 1412 coniunctio
1004 1371 1062 1412 non
1086 1354 1196 1414 lerunt.
1241 1348 1352 1410 llectius

83 1472 150 1532 Pol.
173 1471 250 1530 bunc
273 1486 342 1527 rssc
365 1484 482 1526 sensum
506 1467 594 1530 dicit:
623 1465 851 1543 „longitudines
870 1485 928 1527 non
946 1469 1033 1527 modo
1051 1485 1106 1546 per
1122 1486 1276 1528 mensuras
1291 1486 1350 1545 pas-

82 1606 182 1662 suum,
212 1586 265 1644 sed
294 1587 383 1644 eliam
409 1602 466 1664 per
486 1585 609 1665 speeiee
637 1601 775 1659 operum,
804 1582 959 1665 indIcnmlo
988 1584 1036 1643 ubi
1060 1587 1164 1643 esseut
1185 1585 1263 1657 riui,
1290 1584 1350 1643 sub-

81 1703 280 1774 structiones,
310 1698 358 1757 ubi
386 1716 490 1774 arcus,
520 1697 718 1778 complecti“.
759 1698 900 1779 Speciee'
916 1699 991 1758 enim
1021 1703 1068 1760 est
1097 1699 1212 1760 divisio
1235 1703 1349 1778 perieris,

81 1823 114 1879 ut
142 1818 182 1877 ait
207 1815 319 1875 Fronto
348 1814 446 1890 (apud
476 1811 634 1874 Forcellin.
661 1833 692 1875 u.
714 1814 906 1895 specialitas.
950 1813 999 1876 Cl.
1021 1811 1179 1875 Columell.
1205 1814 1231 1875 1.
1255 1819 1350 1892 2,11.

81 1938 113 1993 et
133 1949 209 2013 quoe
232 1930 268 1989 de
290 1927 345 1988 bac
367 1929 490 1989 notione
512 1929 653 1989 vocabuli
680 1934 800 2010 speeies
826 1929 985 1991 atteruntur
1006 1949 1024 1990 a
1044 1930 1206 1991 Foreellin.
1237 1952 1268 1992 u.
1289 1950 1351 2013 cpe-

81 2053 160 2121 ctes)
171 2065 186 2122 ,·
210 2049 240 2105 et
261 2062 336 2125 quac
358 2044 516 2104 Frontinus
538 2061 627 2121 supra
648 2045 833 2122 qeneraliter
854 2046 1014 2124 exposuit,
1039 2064 1073 2106 ea
1090 2064 1167 2108 nuuc
1184 2047 1353 2128 specialiter

80 2161 238 2242 complecti
271 2159 354 2236 urolt,
389 2158 607 2236 longitudinum
640 2160 824 2235 singulorum
854 2163 984 2221 rivorum
1014 2160 1128 2221 modum
1159 2165 1353 2244 rationemque

80 2280 260 2351 edocturus,
293 2275 351 2355 qui
379 2275 455 2335 inira
482 2276 549 2354 ipse
577 2276 688 2337 indicat
720 2277 840 2338 dicens:
875 2276 926 2337 ubi
952 2277 1052 2338 eraltes
1078 2287 1286 2362 quantaeque,
1311 2277 1354 2340 uli

75 2395 199 2476 flumina
218 2395 446 2465 traiicereatur,
467 2391 519 2452 ubi
538 2394 678 2453 montium
700 2391 846 2454 lateribus
866 2412 977 2475 specus
998 2394 1169 2476 epplteime
1189 2400 1253 2457 etc.
1296 2395 1353 2472 lgi-

78 2516 125 2572 ior
152 2531 211 2593 per
238 2512 359 2590 speeies
385 2510 431 2567 cst
459 2507 479 2566 1.
503 2527 533 2588 q.
561 2525 616 2586 per
642 2507 778 2584 singulas
803 2513 923 2588 partos,
953 2529 1009 2589 qua
1031 2528 1126 2589 prope
1148 2512 1266 2572 rationo
1288 2512 1365 2571 iutra.

79 2628 205 2688 dicitur:
233 2624 354 2704 sinqula
380 2624 479 2685 oeulis
506 2623 665 2684 subiicere.
707 2624 874 2701 Aptissime
897 2640 1098 2704 comparamus
1120 2628 1216 2704 ipsum
1242 2628 1354 2688 Fronti-

77 2762 142 2804 num
172 2743 307 2818 Strotcg.
340 2739 456 2802 Praei:
487 2738 648 2819 qeneridus
672 2760 746 2801 errae
768 2742 889 2822 speeies
909 2741 1054 2803 adtribui.
1098 2739 1146 2825 Gi.
1169 2744 1301 2806 Praelat.
1322 2744 1353 2804 ad

76 2858 128 2919 llb.
150 2857 190 2917 li.
212 2856 265 2917 lll.
284 2858 313 2916 ct
331 2855 386 2915 lV.

156 2972 295 3055 formas)
325 2970 464 3031 Nostrum
492 2970 589 3032 locum
617 2974 784 3051 respiciens
803 2971 963 3034 Turnebus
983 2948 1212 3037 Aduers.'V.b
1236 2976 1353 3036 scribit:

77 3089 234 3168 „Formae
267 3089 336 3147 sunt
368 3086 514 3148 interdum
539 3104 636 3149 rerum
662 3087 821 3169 aliquorum
849 3091 1015 3167 imagines,
1053 3095 1084 3151 et
1112 3085 1352 3168 deformationes,
1380 3092 1383 3097 “

76 3222 111 3267 ac
133 3204 298 3285 picturae.“
340 3203 497 3263 l'abrettus
519 3202 556 3266 N.
573 3206 635 3264 219
656 3204 799 3282 intelligit
821 3205 1083 3288 icbooqrapliam,
1107 3206 1179 3269 Sub.
1197 3208 1285 3291 [Vll.
1303 3206 1352 3291 in]

77 3318 318 3398 „uternensem
363 3317 468 3379 Omnia
493 3324 586 3380 reete.
631 3317 681 3383 Gi.
708 3321 775 3384 Pol.
804 3322 839 3381 ad
866 3321 897 3383 b.
918 3321 939 3383 i.
968 3329 1000 3384 ut
1028 3326 1063 3384 mi
1093 3326 1163 3386 Art.
1182 3329 1220 3387 15
1250 3332 1352 3390 noti.

76 3436 228 3512 „Formae
248 3436 335 3496 etiam
357 3434 543 3510 geometrica
564 3432 736 3498 schemata:
766 3436 916 3515 Scaliger.
944 3440 980 3500 ad
1002 3438 1104 3504 lilanil.
1126 3461 1157 3520 p.
1177 3446 1233 3503 121
1242 3446 1273 3523 “,
1302 3463 1353 3504 au-

76 3554 159 3612 notat
187 3549 288 3614 lleinr.
330 3551 378 3611 lic
403 3550 507 3630 forma
534 3552 702 3612 artronum
731 3554 891 3634 inquirenti
922 3556 1009 3615 otiam
1039 3557 1231 3635 respicienda
1260 3566 1351 3635 eruut,

76 3684 152 3750 quae
179 3684 219 3726 ex
248 3667 446 3744 scriptoribus
471 3666 515 3728 rei
536 3668 674 3742 agrariae
696 3673 853 3730 enodantur
873 3688 921 3748 aq).
945 3669 1036 3732 Goes.
1060 3672 1089 3733 iu
1109 3672 1176 3734 ind.
1200 3679 1233 3737 et
1254 3675 1351 3738 Gioss.

75 3780 213 3859 Agrlm.,
235 3783 411 3861 praesertim
434 3781 520 3844 locus
543 3782 638 3844 Siculi
659 3784 759 3845 Flacci
781 3786 819 3846 de
842 3783 965 3848 Condit.
988 3789 1104 3864 nigror.
1126 3808 1156 3868 p.
1177 3796 1226 3853 ro.

155 3898 265 3978 faeere
285 3902 476 3970 curavimus)
515 3899 692 3979 faciendas.
734 3901 815 3978 bigo.
858 3904 927 3964 Art.
951 3909 987 3965 5:
1014 3905 1203 3966 maraiemlam
1226 3912 1351 3971 curarit.

75 4013 120 4076 nt
140 4012 266 4076 Sueton.
288 4013 402 4078 Domit.
424 4032 451 4076 c.
469 4019 525 4079 20:
553 4036 703 4099 reparare
724 4029 872 4080 onerasset.
917 4019 973 4083 Cui
995 4021 1182 4082 Forerllinus
1204 4024 1351 4086 additui·

75 4133 168 4192 terum
192 4129 360 4208 exemplum
384 4149 424 4191 ex
445 4130 591 4192 Palladio.
618 4134 755 4196 Horon.
786 4134 836 4198 Gi.
859 4137 894 4195 od
916 4135 998 4199 Diei..
1017 4135 1100 4198 Cret.
1118 4137 1171 4198 lll.
1192 4143 1231 4199 12
1254 4140 1350 4203 Gloss.

75 4266 106 4326 p.
129 4250 189 4308 322
213 4246 262 4309 fin.
292 4243 417 4308 Scbnltn
447 4246 523 4322 legit
547 4249 642 4328 pipere
669 4270 774 4312 curaer.
819 4249 1016 4332 (Gruudrisse
1045 4273 1080 4315 an
1103 4255 1160 4314 den
1182 4255 1350 4332 beitangeu

75 4360 245 4436 anbeiten).
289 4362 462 4424 Emendatio
491 4362 567 4423 baud
600 4366 786 4445 verisimilis,
815 4369 893 4428 sient
923 4388 998 4450 quae
1026 4371 1162 4452 sequitur
1188 4380 1353 4454 appareret
