2888 4710
397 199 469 279 DE
494 198 685 293 Auitum
710 196 993 339 necemus,

58 440 122 512 tiet
150 436 341 512 salubritas
368 433 529 511 eiusdem
554 444 718 509 aeternae
734 432 856 511 Urbis.
882 442 985 508 aucto
1006 433 1242 535 castellum,

58 578 222 652 mierum,
249 576 430 627 munerum
458 564 493 626 et
515 552 656 626 lacuum
681 573 838 623 numero.
876 550 958 624 Nec
982 557 1098 625 minus
1112 549 1244 650 adpri-

58 684 166 744 ratos
200 666 422 744 commodum
454 694 501 742 ex
526 669 740 740 incremento
771 665 1021 740 beneficiorum
1056 673 1136 742 eius
1174 671 1245 745 dii-

61 784 236 864 iunditur:
263 786 312 859 illi
336 806 488 882 quoque,
518 788 576 880 qui
603 782 712 856 timidi
736 783 890 856 illicitam
915 806 1039 879 aquam
1059 782 1243 879 ducebant,

60 903 183 978 securi
209 927 299 975 nunc
326 927 374 975 ex
399 898 581 974 beneficiis
608 899 775 972 iruuntnr.
807 899 867 972 Ne
891 910 1081 995 pereuntes
1107 902 1246 999 quadem

63 1043 178 1116 aquae
205 1020 341 1092 otiosae
367 1029 470 1090 sunt:
497 1016 564 1090 alia
590 1015 659 1088 iam
683 1012 925 1088 munditiarum
951 1016 1085 1108 lacies;
1126 1023 1244 1117 purior

64 1358 190 1422 Prolixe
215 1361 252 1422 de
273 1359 418 1423 hocloco
441 1360 594 1445 disputavi
622 1361 652 1423 ln
673 1326 808 1421 dediscit.
840 1355 962 1420 altertlr.
984 1357 1173 1422 Wlssensclr.
1210 1359 1240 1422 J.

65 1463 158 1522 rsaa.
181 1458 255 1522 Heu
273 1465 319 1523 rr.
339 1481 372 1541 p.
392 1465 480 1522 rosa.

103 1580 216 1650 audo)
239 1575 268 1638 V
288 1576 329 1640 Fr
350 1586 470 1640 auctor.

106 1690 153 1758 ad
172 1695 253 1772 priv.
275 1697 368 1765 com.)
409 1690 445 1753 J:
465 1695 547 1773 prim
570 1689 614 1752 nd
635 1708 710 1753 com.
747 1689 827 1750 Bet
846 1687 885 1749 al.
907 1704 974 1753 rect
1002 1707 1078 1753 com.
1099 1690 1182 1774 pund
1198 1712 1248 1755 eu.

62 1790 164 1853 Etiam
181 1793 211 1852 iu
224 1791 474 1871 praecedentibus
487 1790 586 1872 aliqua
596 1788 716 1851 turbate
726 1792 807 1868 sunt,
824 1787 888 1850 lnF
903 1788 960 1854 liat
982 1790 1119 1852 menum
1138 1790 1249 1855 Nerua

63 1909 124 1953 aec
143 1889 189 1952 ad
207 1894 290 1972 pria.

109 2004 309 2088 diffunditur)
330 2005 466 2067 Blandus
485 2004 571 2067 Flam
593 2002 615 2067 l.
638 2020 681 2068 c:
703 2002 861 2085 diffinitur.

107 2127 286 2205 pereuntes]
308 2123 445 2183 Bursen:
465 2129 704 2204 praetereuntes.
726 2139 760 2182 v.
781 2119 907 2184 Annuit.
918 2118 1070 2183 Blandus:
1090 2138 1147 2183 mec
1164 2140 1233 2204 per.

110 2241 247 2310 otiosae)
271 2236 315 2301 C:
337 2240 413 2299 otio.

111 2352 261 2415 aliatum
282 2353 381 2415 mund
403 2354 478 2435 etc.)
512 2351 693 2416 Coniectura
712 2351 811 2415 locum
832 2353 927 2414 vexat
946 2353 1066 2415 Buusen
1087 2352 1110 2416 Ι.
1132 2369 1179 2433 c,
1210 2368 1248 2419 ne

70 2451 266 2532 mamutium
287 2452 406 2534 qurum
429 2452 491 2514 ure
512 2453 632 2532 nimpi.
655 2452 692 2513 au
711 2451 833 2514 verro.
854 2470 885 2530 p.
909 2453 978 2514 ras.
1004 2452 1124 2539 ouum
1142 2430 1249 2517 mertis

72 2550 155 2615 Scir:
177 2551 257 2613 adeo
279 2555 338 2613 inm
358 2553 500 2614 mundior
519 2556 636 2613 ciarum
654 2551 770 2631 facies.
811 2548 951 2611 HEINR.
993 2551 1077 2616 lidd:
1102 2557 1251 2614 nam—im-

71 2649 289 2713 munditiarum
308 2651 411 2731 fneiea
431 2660 462 2714 et
482 2654 628 2733 impurior
643 2653 782 2731 spiritua,
797 2654 952 2711 etcaucue
969 2646 1018 2728 (p,
1033 2669 1090 2712 om.
1103 2660 1133 2712 et
1146 2659 1249 2726 enus.)

71 2770 121 2831 pr.
146 2769 175 2811 e.
197 2784 237 2795 —
264 2760 399 2812 remotae
442 2750 497 2821 (Fr
525 2753 659 2821 remote).
688 2749 717 2809 in
744 2745 851 2829 quilius
876 2747 1033 2810 manifesta
1058 2748 1250 2828 iuterpretum

72 2868 188 2912 manos.
230 2848 293 2911 llas
313 2854 436 2911 secutus
457 2854 506 2911 est
525 2849 635 2925 Burs,
658 2844 760 2908 deleto
782 2854 814 2909 et
834 2840 919 2926 (aute
941 2844 1067 2929 caua-J,
1095 2847 1251 2931 iunxitque

72 2966 133 3010 uon
152 2948 256 3028 facien
277 2958 307 3008 et
327 2953 455 3029 spiritua
475 2958 618 3024 remotae,
640 2947 696 3008 scd
717 2965 834 3007 causae
853 2954 997 3009 amictae.
1019 2945 1113 3008 verbo
1135 2947 1173 3008 ad
1193 2966 1251 3029 ap-

73 3046 255 3129 positionem
292 3047 400 3109 relato.
443 3047 563 3127 Zumpt.
598 3045 697 3108 Grnm.
726 3044 793 3106 Lat.
817 3040 853 3125 ὃ.
874 3047 947 3106 310.
990 3040 1089 3130 Quare
1109 3046 1250 3109 iniustum

73 3145 179 3207 lleinr.
201 3146 380 3225 vituperium
403 3152 461 3209 est.
505 3144 579 3208 sch.
601 3145 689 3207 ruodo
711 3143 806 3221 legit:
828 3151 863 3205 ut
884 3134 952 3225 [vil
972 3141 1068 3227 adeo)
1091 3149 1150 3208 iam
1164 3166 1252 3207 muu-

75 3244 145 3307 dior
164 3248 281 3307 ciarum
299 3246 414 3325 facies,
433 3264 503 3327 pur.
524 3264 590 3327 ep„
612 3252 644 3305 et
663 3264 763 3306 causa
781 3263 830 3325 pr.
853 3243 943 3320 cond,
966 3244 1111 3328 quo-suit,
1132 3251 1181 3307 eat
1198 3265 1253 3307 re-

75 3352 169 3409 mota.
193 3344 296 3405 modo:
316 3345 383 3406 ada
404 3348 467 3405 ium
484 3344 583 3405 mend.
604 3334 643 3423 fi,
665 3347 818 3425 etimpur.
837 3345 977 3424 spiritus,
1014 3362 1251 3406 cauca—remc-

1287 199 1338 276 til

76 3450 138 3507 tu.
176 3442 284 3504 luanes
306 3443 478 3504 emendandi
501 3446 637 3505 conatus.
658 3440 825 3503 Audiamus
845 3441 951 3505 libros.
974 3439 1053 3507 GU:
1075 3442 1252 3508 aliamuud.
1381 3460 1384 3465 ·

75 3542 192 3623 facies.
212 3546 331 3623 purior.
352 3545 489 3625 spiritua.
509 3550 541 3602 et
556 3560 672 3604 causae
691 3560 740 3621 pr.
763 3540 853 3603 coeli.
876 3539 982 3623 quibua
1002 3559 1057 3623 ap.
1079 3549 1253 3607 semesae

77 3640 146 3704 urbi
166 3642 226 3722 inf.
247 3642 313 3714 (sic
335 3639 372 3719 O,
394 3643 451 3717 sed
472 3638 514 3705 U:
535 3661 588 3723 up.
608 3638 693 3704 urbia
713 3649 833 3701 veteres
853 3637 929 3717 ius.)
950 3658 1006 3701 aer
1023 3638 1097 3718 suit.
1126 3648 1174 3704 eat
1197 3661 1251 3703 rs-

76 3750 186 3805 notur.
227 3739 373 3803 Romarm
394 3740 520 3802 debetur
541 3739 712 3818 interpreti,
741 3738 778 3799 nd
805 3757 861 3800 uer
886 3738 1071 3818 respicienti.
1117 3739 1163 3804 V:
1184 3740 1251 3802 ulia

76 3838 218 3904 immund.
241 3841 312 3919 (pro
335 3843 395 3901 iam
414 3838 531 3911 mund.)
551 3838 666 3918 faciem
685 3858 756 3919 pur.
777 3856 826 3917 ep.
848 3844 878 3897 et
900 3855 966 3897 cum
986 3840 1102 3910 (natum
1123 3857 1163 3901 ex
1178 3856 1251 3919 per-

75 3941 242 4003 mutatione
264 3938 506 4018 compendiorum
528 3930 574 4001 eu
586 3938 607 4001 i.
628 3955 656 3997 e.
680 3955 761 4012 curu,
791 3940 822 3997 et
848 3933 895 4000 οιῖ
909 3935 928 3996 i.
948 3953 978 3997 e.
1000 3941 1107 4010 causa)
1138 3957 1185 4019 pr.
1213 3958 1255 4017 m,

75 4037 187 4123 quidus
207 4037 293 4120 apud
310 4046 375 4100 cet.
396 4036 463 4100 urb.
484 4038 541 4118 iuf.
563 4057 619 4100 aer
636 4037 710 4116 suit,
731 4044 801 4096 aum
819 4040 963 4098 remotae.
985 4039 1018 4100 ut
1037 4035 1087 4097 lrlc
1103 4037 1171 4098 cod.
1192 4055 1252 4100 re-

76 4158 140 4202 rum
156 4136 294 4201 Frontini
314 4155 427 4198 manum
443 4137 623 4215 servaverit,
645 4138 795 4215 receptam
816 4134 872 4196 iam
892 4153 912 4196 a
931 4132 998 4195 Pol.

117 4268 178 4332 sed
204 4268 283 4332 tuce
309 4288 376 4330 curo
401 4272 524 4332 imrem.
548 4271 622 4339 etc.)
663 4267 770 4343 Lego:
806 4276 836 4330 ce
861 4267 940 4331 haec
968 4286 1035 4330 cum
1060 4272 1252 4330 incrementa.

77 4367 220 4433 finiuit
247 4367 317 4431 Non
336 4367 529 4432 intellexisse
548 4368 671 4430 videtur
690 4384 785 4429 rerum
808 4367 925 4431 seriem.
946 4399 988 4411 -
1014 4366 1098 4430 Vi:
1119 4366 1179 4428 tce
1198 4365 1256 4430 aed
