2888 4710
418 214 485 292 blo
512 211 701 310 AOUAE
727 214 1008 297 uuormus.
1046 204 1049 209 ¹

76 447 249 543 ord-ini,
292 473 390 546 eos,
432 453 507 551 qui
546 454 677 551 aquis
716 450 921 549 publicis
958 467 1254 550 praeessent,

77 591 175 639 cum
227 568 327 640 eius
379 570 444 640 rei
496 592 638 641 causa
689 579 821 642 extra
859 566 1024 645 Urbem
1075 584 1256 663 essent,

75 683 285 756 lictores
336 682 465 757 binos
517 699 560 758 et
610 707 773 757 servos
823 683 1037 780 publicos
1077 697 1255 780 ternos,

74 799 366 872 architectos
401 801 614 898 singulos
649 814 691 873 et
724 799 904 873 scribas
939 815 982 873 et
1011 800 1256 895 librarioS,

73 937 307 988 accensos
334 940 690 1014 praeconesque
716 914 899 989 totidem
926 914 1114 1007 babere,
1151 929 1259 1014 quot

74 1028 243 1105 habent
277 1031 327 1117 ii,
364 1056 445 1128 per.
475 1042 588 1131 quos'
622 1034 883 1105 frumentum
915 1030 1067 1128 plebei
1098 1028 1256 1106 datur:

72 1170 173 1219 cum
200 1158 347 1220 autem
374 1148 565 1235 inUrbe
591 1146 797 1222 eiusdem
823 1147 890 1221 rei
916 1168 1054 1220 causa
1079 1144 1258 1245 aliquid

72 1274 290 1359 agerent,
326 1265 502 1337 ceteris
529 1264 877 1361 apparitoribus
902 1260 1087 1359 iisdem,
1120 1287 1256 1359 prae-

70 1391 283 1476 terquam
316 1378 589 1474 lictoribus,
625 1381 698 1451 uti.
750 1380 937 1477 Utique,
974 1370 1143 1477 quibus
1175 1405 1255 1476 ap-

71 1493 367 1590 paritoribus
406 1520 459 1568 ex
497 1494 579 1570 hoc
617 1494 658 1572 S.
686 1492 732 1572 C.
758 1492 1070 1572 curatoribus
1110 1519 1254 1593 aqua-

72 1632 170 1683 rum
195 1614 259 1681 uti
284 1608 471 1705 liceret,
509 1636 588 1685 eris
623 1611 786 1685 diebus
822 1610 975 1685 decem
1009 1612 1250 1709 proximiS‚

72 1724 245 1823 quibus
284 1723 327 1801 S.
355 1723 400 1803 C.
435 1726 603 1801 sactum
637 1740 785 1820 esset,
827 1726 879 1800 ad
912 1728 1141 1801 aerarium
1174 1727 1254 1800 de-

72 1842 277 1931 ferrent3
304 1849 473 1942 quique
501 1847 565 1916 ita
591 1843 735 1916 delati
761 1854 941 1935 essent,
970 1845 1029 1916 iis
1055 1843 1254 1917 Praeto-

73 1981 154 2030 res
187 1959 359 2030 aerarii
390 1958 645 2032 mercedem
678 1958 876 2050 cibaria,
913 1970 1082 2057 quanta
1107 1958 1254 2032 Prae-

76 2073 191 2144 fecti
219 2073 443 2147 frumento
470 2073 614 2147 dando
641 2075 748 2147 dare
775 2074 1054 2173 deferreque
1080 2076 1252 2169 solent⁷

74 2214 222 2263 annua
254 2191 411 2264 darent
437 2201 478 2262 et
504 2188 843 2282 attribuerent3
876 2191 1033 2289 iisque
1066 2198 1254 2288 eas'pe-

73 2309 240 2379 ennias
267 2314 367 2380 sine
394 2305 554 2379 fraude
580 2331 659 2380 sua
686 2307 844 2381 facere
870 2306 1047 2380 liceret.
1087 2306 1257 2404 Utique

74 2424 280 2511 tabulas,
318 2423 502 2495 chartas
535 2437 801 2520 ceteraque,
837 2447 952 2521 quae
984 2424 1084 2496 eius
1118 2446 1254 2495 cura-

73 2541 221 2613 tionis
247 2564 387 2611 causa
413 2563 527 2637 opus
554 2552 683 2613 esset
706 2540 764 2613 iis
784 2537 1099 2615 (iuratoribus
1125 2561 1254 2635 prae-

74 2659 201 2751 beri,
255 2682 303 2729 ea
345 2652 391 2746 Q.
432 2654 619 2749 Aelius,
673 2655 847 2730 Paulus
885 2655 1061 2728 ratius
1100 2652 1253 2729 Coss..

75 2776 207 2846 ambo
257 2773 459 2865 alterve,
513 2774 551 2844 si
604 2777 665 2845 iis
716 2770 981 2865 videbitur,
1035 2770 1257 2843 adhibitis

77 2889 389 2962 Praetoribus
424 2891 498 2987 qui
531 2889 709 2962 aerario
736 2893 960 2987 praesint,
997 2886 1259 2984 praebenda

77 3074 352 3091 ...μ’-...ὴ-

119 3183 297 3259 ceteroque)
326 3175 373 3239 v:
403 3185 589 3257 ceteraeque.
617 3168 697 3254 qnod
717 3168 969 3253 praecedentibus
995 3168 1117 3231 tobn'lac
1139 3172 1261 3260 obortus

79 3278 218 3353 debetur,
241 3281 272 3338 ot
293 3278 322 3336 in
344 3276 367 3335 F
388 3278 557 3353 correptum
582 3275 610 3332 iu
633 3291 801 3354 coctusque
823 3270 1066 3351 deprehenditur.
1095 3270 1189 3329 Etiam
1214 3269 1260 3329 od.

80 3396 124 3455 pr.
147 3375 254 3436 Potoni
278 3379 309 3436 et
331 3377 380 3435 od.
401 3378 464 3434 ret.
487 3374 644 3452 (ipsopooi
674 3373 864 3454 ceteraeque5
899 3389 938 3431 ex
960 3390 1019 3451 quo
1041 3368 1189 3429 Pithoeus
1211 3370 1261 3426 oi-

80 3478 169 3538 iecit:
194 3493 322 3548 cumas,
345 3492 487 3554 quaeqae.
511 3475 599 3533 docto
621 3473 733 3548 magis,
755 3488 840 3553 quam
861 3489 945 3531 vore.

119 3594 201 3657 quae
223 3577 289 3634 cios
311 3582 393 3643 our.)
416 3572 445 3632 V
462 3572 501 3633 F:
525 3591 603 3652 quoe
624 3571 760 3653 externplo
784 3590 850 3630 eor.

115 3673 280 3757 praeberi,
303 3692 341 3732 eo
363 3676 438 3744 etc.)
469 3670 581 3749 Soripti
605 3675 636 3731 ot
657 3671 750 3731 eoru:
778 3688 856 3752 quae
877 3701 917 3712 -
939 3686 988 3749 op.
1010 3675 1093 3727 esset
1120 3663 1183 3745 [01
1211 3688 1262 3726 os-

77 3777 166 3844 tent)
188 3804 228 3816 -
254 3771 433 3855 praebenda
453 3804 491 3811 -
515 3778 545 3828 et
571 3767 631 3848 (Ἐξ
660 3774 717 3842 eu]
744 3767 923 3848 praebendo
944 3768 1055 3827 dorent.
1098 3765 1169 3827 Sub.
1193 3766 1261 3824 loro

79 3874 192 3934 mederi
214 3871 337 3950 putabat
358 3873 421 3932 sic:
451 3887 527 3951 quoe
548 3902 587 3910 -—
610 3887 661 3948 op.
684 3875 800 3942 essent,
828 3886 867 3928 ec
892 3873 1036 3926 cararent
1064 3863 1263 3925 Coruton'tos

75 3970 260 4053 praebenda
283 3972 320 4059 Q.
337 3971 636 4050 Aetius-praesint
656 3978 687 4028 et
704 3967 810 4048 proed.
832 3967 891 4026 too.
934 3963 999 4025 Alii
1021 3963 1145 4024 alterum
1165 3984 1262 4044 prae-

78 4071 183 4133 benda
216 4070 390 4148 repetitioni
420 4068 521 4128 deberi
551 4066 780 4142 (exstimabant,
815 4067 896 4125 sicut
927 4061 1051 4137 ildnr„
1089 4064 1138 4143 qui
1166 4063 1262 4138 iogi13

78 4190 159 4255 quae
177 4202 220 4214 -
240 4188 292 4251 op.
313 4176 429 4243 essent,
456 4172 496 4229 tis
516 4167 587 4228 Cur.
608 4165 800 4248 praeberent.
845 4164 884 4255 Q
906 4165 1016 4225 Aetam
1036 4195 1077 4204 -·-
1099 4182 1137 4223 eu
1156 4161 1261 4241 proed.

78 4272 142 4333 loc.
172 4269 258 4332 molo.
288 4273 319 4329 et
347 4267 561 4346 Casaubonus‚
591 4267 640 4348 qui
670 4265 706 4325 ad
734 4264 821 4325 Suet.
850 4264 958 4325 (ictor.
981 4266 1021 4321 36
1053 4263 1097 4320 sio
1120 4259 1261 4320 exhibet:

77 4390 159 4453 quae
179 4404 220 4413 „
240 4388 294 4450 po.
316 4379 414 4444 esset,
435 4372 475 4430 ito
496 4369 566 4428 Cur.
575 4365 763 4446 praebenda.
787 4364 824 4454 Q
835 4366 906 4425 Ael.
920 4397 960 4406 --
975 4365 1127 4440 irroretur,
1149 4358 1259 4419 locent.

1018 4460 1042 4524 ἲ

1307 221 1355 307 97
