2888 4710
502 200 945 283 Announuronns.
1290 201 1367 282 225

692 443 760 502 125.

166 551 370 634 reficerentur,
392 573 431 616 ea
451 558 537 634 apris
557 552 636 637 eto.)
660 554 691 618 V
711 556 750 622 F:
776 556 980 637 reficerentur.
1002 559 1056 622 lla
1076 562 1163 638 apris
1190 560 1250 621 etc.
1272 557 1365 620 Anci.

81 673 237 754 quissInris
258 670 313 731 iam
335 670 518 750 temporibus
549 673 643 751 luere,
663 672 716 754 qui
737 675 767 735 in
788 672 845 735 hac
861 674 988 753 periodo
1005 672 1174 735 haererent.
1198 673 1282 736 Unde
1300 674 1365 735 lac-

83 793 155 866 tum,
178 791 211 849 ut
232 804 291 848 non
311 785 407 847 solnm
428 787 460 848 in
483 784 509 849 G
531 785 559 847 U
574 788 652 849 inter
666 789 761 849 verba
776 790 971 870 reficerentur
986 793 1018 852 et
1033 811 1073 852 ea
1088 793 1186 870 apris,
1203 791 1259 851 sed
1277 791 1365 851 etiarn

82 903 331 988 insequentibus
353 904 383 963 in
405 899 431 964 G
454 903 531 964 inter
553 904 647 965 verba
668 905 821 968 arbitrato
843 909 875 968 et
894 910 1060 975 aestimata
1076 906 1179 967 lacuna
1205 907 1364 985 restiterit,

82 1021 214 1103 itemquo
230 1021 261 1082 in
281 1016 309 1078 U
331 1017 360 1079 V
381 1018 404 1079 F
425 1019 519 1080 rerba
535 1020 722 1099 tollerentur,
738 1033 934 1101 sumerentur,
951 1031 1186 1104 exportarentur
1200 1021 1288 1102 plane
1305 1023 1367 1083 sint

82 1138 205 1199 omissa.
247 1136 351 1218 Atque
373 1137 485 1214 optimo
507 1135 571 1196 iure
593 1135 765 1200 haeserunt.
791 1138 867 1200 Nam
888 1156 963 1222 quae
980 1139 1039 1200 ista
1055 1140 1193 1216 syntaxis
1216 1143 1279 1203 est:
1295 1137 1366 1200 abi-

80 1263 206 1328 terrom,
229 1252 340 1331 limam,
363 1251 506 1334 lapidem,
529 1253 801 1334 testamentum,
830 1255 915 1335 lipara
941 1258 1283 1337 ceteroque-aestimata
1305 1254 1366 1316 do-

80 1379 196 1445 rentor,
218 1369 407 1446 tollerentur,
430 1378 625 1446 sumerentur,
648 1365 905 1452 asportarentur?
926 1371 979 1434 Sic
1002 1372 1090 1449 eninr,
1112 1388 1158 1430 nne
1180 1369 1298 1451 quidem
1315 1372 1366 1430 iu-

81 1486 163 1564 dice,
185 1483 352 1565 procedere
374 1484 465 1547 debet
486 1486 594 1547 oratio.
636 1485 731 1567 Atqui
749 1487 863 1547 ubinam
882 1488 929 1549 ost
945 1481 1137 1547 subiectum?
1162 1484 1367 1548 Vehementer

78 1601 182 1677 miror,
204 1600 283 1683 quod
304 1617 402 1682 neque
423 1597 490 1663 Pol.
512 1616 609 1682 neque
631 1599 708 1662 alins
730 1603 875 1684 quispiam
898 1602 996 1663 editor
1018 1605 1049 1664 et
1069 1603 1219 1682 interpres
1246 1601 1366 1663 dubita-

79 1720 194 1780 tionem
215 1719 383 1779 moverunt.
426 1713 500 1778 Scir.
522 1719 606 1778 recte
628 1716 726 1779 locum
747 1717 777 1779 in
798 1715 984 1779 vernaculam
999 1717 1131 1796 linguam
1153 1716 1312 1796 transtulit,
1335 1720 1367 1779 et

79 1837 124 1897 ita
144 1833 309 1912 transtulit,
331 1832 415 1914 quasi
437 1841 559 1913 terram,
588 1833 698 1912 dmum,
720 1836 751 1895 et
772 1854 801 1915 q.
823 1854 850 1897 s.
878 1832 1047 1895 nominandi
1076 1851 1147 1895 casu
1174 1837 1365 1912 ponerentur.

78 1950 160 2017 Mihi
181 1952 265 2012 certe
290 1950 423 2023 constat,
446 1948 497 2009 vel
519 1935 652 2010 lacunam
670 1968 741 2011 esse
764 1952 870 2011 nescio
893 1966 951 2032 quo
973 1948 1044 2011 loeo
1066 1949 1290 2029 accipiendam,
1312 1948 1366 2013 vel

78 2069 184 2147 potius
217 2063 429 2126 emendandum
458 2077 548 2126 esso:
585 2075 685 2141 terra,
723 2066 826 2141 timos,
857 2066 956 2146 lapis,
990 2074 1088 2141 testa,
1138 2066 1207 2137 (sio
1239 2063 1265 2128 G
1293 2058 1364 2146 it),

79 2201 177 2245 arena
198 2185 259 2244 etc.
281 2182 371 2261 atque
394 2181 437 2241 ita
457 2181 603 2243 edendum
626 2182 739 2259 curari,
762 2183 945 2244 necessitate
968 2184 1101 2242 coactus.

162 2301 259 2368 teoto)
285 2297 379 2358 Testa
399 2294 459 2357 boo
479 2294 549 2358 loco
572 2297 724 2374 significat
744 2297 913 2376 fragmenta
934 2295 1067 2358 fictilium
1089 2313 1245 2372 vasorum,
1274 2299 1362 2359 etiam

78 2418 129 2486 (ut
150 2412 396 2475 verisimillimum
418 2408 483 2493 est)
506 2411 693 2491 tegularum,
723 2413 895 2491 imbricum,
923 2412 1092 2473 tubulorum
1119 2410 1301 2495 aliorumque
1334 2414 1365 2476 id

77 2550 198 2611 genus,
221 2548 263 2592 ex
284 2530 392 2610 quihus
412 2528 590 2607 fragmentis
611 2529 689 2589 tusis
706 2528 818 2589 etcum
835 2526 919 2589 calce
936 2527 1104 2588 commixtis
1121 2527 1269 2604 signinum
1287 2545 1364 2608 opus

76 2647 178 2724 fiebat,
200 2647 238 2709 ad
259 2647 468 2708 continendam
496 2661 597 2726 aquarn
627 2640 687 2724 (cl.
710 2643 778 2707 Art.
802 2646 840 2705 lo
861 2645 925 2704 not.
948 2637 984 2722 9)
1006 2641 1152 2722 perutile,
1176 2647 1264 2724 atque
1286 2646 1362 2707 adeo

77 2762 315 2846 aquaeductibus
336 2761 537 2822 utilissimum.
581 2754 736 2820 Credibile
758 2759 844 2821 ctiam
867 2761 935 2837 est,
963 2760 994 2818 in
1023 2759 1090 2836 ipsa
1110 2758 1258 2821 structura
1280 2779 1362 2820 usum

78 2879 206 2962 aliquem
233 2877 322 2939 alium
350 2878 445 2938 luisse
479 2876 627 2936 eiusmodi
663 2878 907 2952 fragmentorum.
957 2874 1052 2935 Pomo
1079 2875 1177 2935 testae
1206 2877 1362 2937 maximam

78 2996 194 3074 copiam
216 2994 392 3073 exstitisse,
421 2992 473 3054 vel
496 3011 536 3053 ex
558 3009 595 3052 eo
618 2991 727 3072 liquet,
749 2991 829 3073 quod
850 2991 964 3053 Romae
986 3008 1027 3051 ex
1047 2989 1224 3066 fragmentis
1246 2988 1362 3068 figlinis

77 3113 179 3172 tantus
200 3128 328 3171 acervus
349 3111 447 3171 iactus
469 3107 519 3187 sit,
542 3110 575 3169 ut
597 3107 665 3168 inde
687 3106 785 3170 Collis
809 3107 974 3169 l'estaoeas
994 3122 1102 3166 nonren
1125 3106 1285 3167 inuenerit.
1323 3106 1363 3168 lit

76 3226 114 3287 ab
136 3226 213 3305 ipsis
234 3244 329 3308 usquo
352 3224 487 3286 exordiis
508 3222 599 3284 Urbis
627 3225 709 3285 tanta
728 3221 831 3283 habita
851 3223 909 3284 luit
930 3239 979 3282 ars
1001 3219 1178 3299 figulorum,
1207 3223 1241 3281 ut
1261 3219 1361 3282 Plinio

76 3339 227 3416 (XXXV.
251 3344 305 3415 12)
327 3344 406 3402 teste
427 3339 532 3402 Numa
550 3359 607 3400 rea
628 3338 789 3418 callepiom
808 3337 967 3419 fipulorum
988 3338 1164 3398 instituerit.
1187 3333 1277 3396 Pon.
1311 3336 1360 3401 Gi.

73 3458 198 3520 Bonsen
223 3455 402 3518 lieschreib.
432 3455 485 3517 der
506 3454 553 3517 St.
576 3454 653 3516 Rom
676 3454 732 3517 Bd.
754 3453 778 3517 1.
799 3473 830 3533 p.
854 3458 904 3515 62.
926 3451 1070 3515 Asmerlr.
1113 3450 1205 3529 Apud
1227 3451 1361 3531 scripto-

72 3592 126 3636 res
155 3575 201 3635 rei
229 3574 366 3652 agrariae
389 3574 520 3632 occurrit
541 3579 621 3632 testa
647 3569 699 3632 vel
721 3579 801 3643 testa
821 3578 891 3632 tusa
916 3568 972 3629 sub
1000 3566 1154 3642 terminIs,
1181 3586 1212 3646 p.
1235 3572 1266 3628 5.
1289 3570 1361 3629 265.

74 3695 148 3753 306.
170 3708 219 3769 ap.
242 3689 336 3752 (loos.

158 3808 221 3867 oiri
242 3801 313 3866 boui
328 3798 498 3885 arbitrato)
522 3802 568 3864 lta
588 3804 618 3864 in
635 3793 722 3880 Lego
744 3805 773 3864 si
792 3801 929 3881 fandum,
951 3796 1083 3860 XXXV.
1107 3797 1137 3858 li.
1154 3799 1201 3858 tn.
1223 3798 1361 3861 mandati

73 3922 128 3985 ael
149 3928 261 3982 contra
281 3919 413 4000 legitur:
435 3929 467 3981 et
485 3926 565 3980 taam
585 3927 703 4001 partem
723 3920 785 3979 oiri
806 3914 876 3978 boni
896 3914 1047 3976 arbitrata
1069 3915 1231 3974 aestimata
1249 3918 1359 3996 pretio,

74 4038 149 4100 dari
169 4036 241 4099 milri
263 4045 394 4118 oportet.
438 4033 536 4096 lllulta
550 4052 642 4114 porro
665 4032 702 4094 de
724 4030 998 4109 aestimationibus,
1026 4047 1103 4114 quae
1128 4029 1279 4092 arbitrata
1299 4033 1361 4092 oiri

74 4154 146 4216 boni
167 4152 240 4216 licre
263 4152 410 4230 dicuntur,
432 4151 517 4227 virle,
539 4151 566 4211 si
588 4150 647 4226 vis,
669 4149 700 4211 in
720 4148 859 4211 lirisson.
880 4145 932 4211 lib.
955 4147 993 4209 do
1014 4145 1130 4224 Signis.
1152 4145 1246 4206 Verb.
1266 4141 1357 4205 Pon.

75 4263 126 4333 (ii.
149 4267 289 4330 Sobardii
310 4266 388 4329 Lex.
411 4267 476 4329 Jur.
504 4286 536 4328 r.
566 4262 655 4327 arbit.
698 4264 747 4327 Dc
766 4267 834 4328 viro
857 4263 934 4326 bono
955 4260 1028 4326 Solu.
1049 4259 1133 4323 Vlll.
1155 4263 1185 4322 8.
1228 4257 1278 4320 Do
1298 4276 1357 4338 quo

75 4387 144 4447 viro
165 4384 247 4447 bono
268 4382 428 4444 Frontinus
451 4381 489 4444 dc
512 4379 621 4445 (iolon.
643 4398 692 4459 ap.
715 4379 808 4443 Goes.
830 4399 861 4459 p.
885 4383 954 4441 128.
1250 4373 1286 4434 ln
1306 4377 1358 4434 ia-
