2888 4710
401 165 474 244 DE
498 165 691 260 AQUAE
716 167 998 252 DUO'IIBUS.

56 396 200 472 inducte
243 408 300 473 est
341 400 385 474 ab
423 400 547 499 Appio
587 400 739 478 Claudio
777 403 919 482 Crasso
957 403 1134 503 censore,
1187 410 1245 483 cui

56 524 184 612 postea
218 513 342 592 Caeco
383 516 448 590 suit
490 540 700 615 cognomen,
747 522 806 617 qui
841 531 876 596 et
908 522 1002 596 viam
1033 522 1192 622 Appiam
1223 551 1245 600 6

99 767 246 846 XXXI)
289 765 341 827 Sic
362 765 496 846 reposuit
516 766 657 849 Pelorus,
679 774 778 833 recto:
800 788 864 831 uem
886 773 980 834 ortum
996 771 1056 834 hoc
1070 770 1180 835 bellum
1197 777 1246 838 est

56 866 104 930 Μ.
125 865 250 929 Valerio
273 863 376 928 Corvo
398 865 454 930 111.
478 870 508 930 ct
528 866 610 929 Aulo
633 865 773 930 Cornelio
797 868 895 935 Cosso
918 870 1035 933 Arvim
1051 868 1157 952 Uose.;
1170 877 1245 954 poet

56 965 119 1028 hos
140 970 237 1029 eutem
258 966 396 1029 Valerius
417 964 567 1028 Maximus
590 971 621 1031 et
639 966 752 1030 Decius
773 968 844 1032 Mus
865 988 945 1033 coss.
972 972 1056 1032 sucre
1084 990 1159 1033 6666
1188 973 1244 1035 tri-

56 1066 177 1144 gesimo
198 1065 304 1146 primo.
326 1066 437 1129 Omnes
458 1086 533 1150 quos
554 1067 626 1127 novi
647 1064 731 1129 libri:
754 1068 827 1130 XX
836 1088 852 1145 ;
879 1072 912 1130 et
940 1068 1098 1132 verborum
1120 1070 1193 1132 ordo
1215 1072 1245 1133 iu

57 1165 129 1228 edd.
158 1163 207 1226 hic
235 1169 300 1228 est:
336 1185 416 1227 curro
445 1166 519 1229 XX
544 1173 620 1246 poet
645 1170 711 1228 tuit.
733 1167 770 1231 S.
792 1166 877 1231 deor.
919 1166 1015 1230 'I'este
1036 1167 1151 1231 Adlero
1172 1169 1242 1233 olii:

56 1263 183 1328 XXX.
224 1263 363 1327 Meudum
390 1266 496 1329 dudum
524 1266 693 1328 correxisse
723 1265 877 1343 sigonium
913 1264 1078 1332 comment·
1106 1268 1136 1330 in
1163 1269 1244 1334 msc

58 1356 99 1444 p.
113 1369 165 1426 85.
186 1366 308 1427 annotet
326 1364 429 1428 Heiur.

100 1465 133 1525 tre
155 1461 264 1526 Urteur
283 1463 427 1545 Inducta)
457 1464 542 1527 11666
570 1463 661 1529 lectio
687 1463 717 1527 iu
744 1463 811 1526 eolo
832 1463 860 1529 U
880 1467 998 1546 exstet3
1030 1484 1114 1547 quem
1141 1483 1244 1528 veram

56 1559 189 1623 IudIceut
209 1557 333 1626 Uorred.
355 1561 429 1627 Scir.
451 1567 483 1627 et
502 1565 605 1630 Heim.
627 1562 671 1627 U:
694 1568 726 1625 tu
748 1562 864 1636 Urbem
878 1563 983 1642 dueta,
1009 1568 1083 1637 (uon
1104 1565 1243 1646 inductu,

56 1662 93 1723 ut
112 1659 179 1721 Pol.
200 1661 328 1737 retulit).
370 1661 400 1724 V
422 1664 454 1726 et
475 1663 542 1727 edd.
564 1682 623 1725 om.
645 1681 727 1746 apua
746 1665 855 1749 Appia
875 1669 907 1728 16
929 1651 1049 1728 Urbem
1088 1660 1156 1728 Pol.
1183 1684 1242 1728 om.

56 1762 92 1822 in
113 1759 233 1824 Urbem.
254 1795 296 1806 -
316 1760 344 1824 U
363 1761 394 1824 V
414 1780 472 1823 om.
495 1781 624 1843 sequeus
644 1764 696 1825 ab.

102 1859 222 1939 caeco)
245 1853 293 1922 V:
317 1861 409 1925 Uero.
429 1861 454 1926 U
475 1861 520 1924 0:
541 1864 659 1943 Aepro.
680 1861 715 1924 Iu
737 1858 763 1923 U
784 1859 812 1923 U
831 1859 900 1924 loco
916 1860 1004 1924 huius
1024 1861 1149 1926 uomiuie
1169 1881 1243 1943 spe-

57 1957 131 2047 tium
151 1960 254 2039 putet3
275 1958 306 2020 Id
327 1977 403 2021 vero
425 1959 455 2022 iu
473 1959 494 2021 J
515 1963 618 2024 etrec.
639 1960 755 2034 uomiue
768 1960 871 2024 Caeco
885 1959 1035 2042 expletur.
1056 1981 1090 2024 u.
1104 1960 1174 2025 Idu.
1186 1961 1244 2025 IX.

58 2061 113 2120 2⁹.
136 2055 201 2123 Uie.
222 2075 278 2138 pro
300 2055 405 2123 Caelio
427 2076 455 2136 6.
476 2063 528 2121 11.
549 2059 674 2122 Diodor.
695 2059 767 2123 XX.
790 2066 841 2124 66.

101 2160 154 2242 pet
174 2165 207 2220 et
223 2161 306 2222 viam
325 2154 408 2241 Ap.)
431 2156 477 2225 c:
498 2161 599 2243 putam
618 2161 682 2244 Ap.
703 2159 753 2222 Vt
775 2163 861 2222 cirea
880 2159 945 2242 Ap.
1046 2219 1054 2237 ,

101 2255 140 2320 U.
161 2255 331 2333 Plautium)
354 2255 380 2323 0
402 2255 447 2323 U:
471 2257 507 2325 0.
528 2258 682 2322 Plautum.
703 2257 778 2321 lnv
799 2257 945 2322 omittitur
965 2275 1084 2330 nomeu.
1104 2256 1201 2322 Perde.
1215 2259 1249 2321 et

58 2355 140 2418 edd:
162 2357 200 2421 0.
221 2358 359 2424 Facem.
381 2358 488 2422 sedin
508 2357 607 2421 Paris.
627 2355 825 2421 interlineas
845 2357 935 2421 rubro
958 2356 1062 2421 colore
1084 2357 1248 2434 corrigitur

57 2452 225 2519 Plautium.
253 2457 363 2522 Recte.
383 2455 541 2520 Diodorus
559 2456 632 2520 XX.
653 2461 706 2519 66.
727 2457 776 2520 d.
790 2455 945 2520 Plautium
964 2457 1107 2521 nominet.
1149 2455 1196 2520 At
1213 2475 1247 2520 v.

58 2553 131 2616 Idu.
152 2553 208 2618 IX.
230 2559 270 2618 29
291 2559 323 2622 et
342 2560 395 2620 36.
416 2555 595 2634 magmenta
616 2554 782 2638 Capitolio.
804 2573 905 2618 marm.

99 2657 169 2716 etue
188 2659 304 2739 equae)
325 2655 349 2720 U
370 2653 397 2718 0
420 2674 479 2718 om.
500 2674 612 2740 aquae.

101 2752 169 2815 Sed
189 2757 262 2838 puta
282 2757 327 2829 te)
349 2750 397 2818 V:
426 2752 493 2818 Sed
512 2757 542 2818 to
561 2773 598 2820 ee
618 2756 681 2839 pet.
701 2749 780 2818 FO:
800 2751 867 2820 Sed
887 2756 917 2818 te
936 2771 983 2817 co.
1003 2752 1024 2814 J
1044 2754 1159 2817 etrec:
1179 2751 1246 2818 Sed

59 2854 90 2916 ie
113 2856 198 2936 pura.

101 2951 183 3014 idem
200 2951 342 3033 facturo)
365 2951 450 3031 hege
471 2952 629 3018 iuvidiam.
650 2952 720 3019 Ltv.
741 2949 798 3014 IX.
820 2953 872 3012 29.
893 2947 1039 3030 Explica:
1071 2968 1158 3032 quem
1185 2969 1246 3032 pu-

62 3050 146 3112 tabat
165 3051 304 3115 voluisse
325 3054 386 3134 Ipsi
407 3053 550 3116 iuvidiam
571 3054 684 3115 Iacere.
717 3052 768 3115 De
788 3050 903 3114 invidie
924 3050 1012 3112 etiam
1033 3048 1163 3112 Diodor.
1174 3050 1247 3112 XX.

58 3154 114 3239 66.
135 3149 253 3213 medem
272 3151 349 3215 mule
370 3154 469 3216 uatum
491 3171 532 3214 ex
552 3152 730 3233 compendio
752 3132 828 3214 idid.
842 3168 898 3230 pro
914 3147 1070 3226 subrutam,
1092 3147 1109 3211 d
1131 3151 1247 3230 scripto

59 3244 117 3330 pro
138 3269 171 3311 v.
192 3248 331 3316 floron.
359 3249 457 3314 Paris.
478 3251 509 3314 V
531 3253 563 3314 et
583 3252 661 3314 edd:
690 3248 771 3314 idem
789 3251 869 3332 fact.
893 3248 919 3314 U
940 3246 986 3311 U:
1007 3247 1139 3327 sordem,
1166 3250 1249 3330 quod

58 3349 259 3430 nequidquam
276 3350 440 3413 defendere
456 3348 573 3414 laborat
585 3336 783 3416 UorradiuusJ
804 3346 871 3412 Pol.
885 3349 982 3412 edidit
994 3345 1129 3409 ididem.
1172 3344 1246 3410 Sed.

59 3449 198 3509 correxit
218 3453 287 3529 ipso
309 3448 401 3510 idem.
424 3449 504 3538 Quid
525 3444 637 3511 multat
659 3448 780 3530 Optima
800 3450 849 3511 est
868 3445 1038 3509 Heimichii
1066 3446 1247 3510 emendatio.

58 3545 110 3610 De
132 3547 279 3610 invidiam
297 3548 408 3629 facere
426 3568 460 3610 v.
484 3546 571 3613 Uort.
593 3545 827 3611 6611666611.
849 3551 901 3608 66.

102 3643 178 3709 add.
199 3665 234 3708 ee
255 3644 363 3729 Uene.)
392 3646 422 3709 V
443 3647 467 3709 I
489 3646 534 3711 0:
557 3647 630 3712 add.
646 3665 668 3710 a
688 3648 724 3712 0.
744 3645 843 3709 Paris.
864 3645 883 3706 J
905 3645 937 3706 et
957 3654 1026 3706 rec:
1048 3641 1247 3707 addceaO.

101 3744 192 3808 dutus
213 3752 328 3830 aquae)
349 3746 379 3809 V
400 3746 424 3808 F
446 3744 472 3807 0
495 3766 554 3809 om.
575 3744 926 3815 turne-ducenum)
938 3741 1248 3805 Itelihri.v.Auoott.

108 3843 174 3909 VII
192 3853 224 3909 ct
247 3842 357 3927 VIII.)
390 3844 496 3908 Secuti
521 3846 582 3907 viri
611 3845 694 3908 docti
715 3847 787 3906 suut
808 3840 834 3907 U
856 3841 883 3905 U
904 3843 1123 3905 auctoritatem.
1165 3840 1196 3904 V
1217 3844 1249 3905 et

60 3942 140 4006 edd:
167 3943 214 4007 VI
231 3953 263 4008 ct
285 3944 377 4008 VIII.
1103 3992 1106 3997 ·

103 4044 227 4106 Ductus
247 4047 329 4119 etue)
355 4044 399 4111 c:
422 4047 519 4106 cuiue.
540 4043 577 4106 J:
599 4042 721 4106 ductoe.
741 4042 772 4105 V
793 4042 833 4104 F:
854 4042 976 4104 Ductus
997 4048 1046 4104 eet
1064 4038 1135 4101 rao.

107 4145 324 4223 I'ripemieam)
358 4143 495 4208 UVF:
525 4144 742 4224 Terpemtnam.
785 4140 849 4205 Sed
874 4141 913 4202 ed
934 4140 1045 4202 calcem
1066 4137 1156 4200 huius
1177 4136 1248 4200 Art.

62 4241 133 4304 libri
144 4256 267 4306 omues:
293 4241 504 4324 Trip-Sch.
512 4242 594 4306 delet
608 4243 717 4304 verba:
740 4245 790 4325 put
801 4241 889 4304 tecue
899 4240 957 4302 eet.
975 4238 1055 4321 adp.
1066 4238 1150 4319 I’n'p.
1172 4237 1241 4314 Ugo

64 4342 195 4405 delenda
214 4345 318 4424 potius
340 4362 452 4407 censeo
473 4345 567 4407 verbe
587 4344 625 4406 ed
647 4342 733 4406 Iidem
753 4339 848 4415 huippu
863 4339 934 4402 Art.
955 4339 1072 4419 posite:
1094 4340 1146 4420 put
1166 4335 1255 4399 16666
