2888 4710
76 198 152 275 188
497 195 939 275 annominemus,

78 438 164 515 rigor
182 437 266 495 aeria
286 432 444 514 difficilior
464 431 508 493 ad
525 433 636 512 liceum
651 452 710 495 noe
726 437 824 494 timeri
837 441 955 514 pacet,
976 431 1098 506 lauari,
1121 429 1177 491 aet
1190 430 1359 509 aceretae)

78 548 124 611 ad
146 548 301 629 [amatae
325 548 531 623 modulorum,
560 552 612 631 pai
638 553 698 610 etc.
741 548 858 609 Sensus
886 553 919 609 et
945 548 1037 609 rerba
1065 545 1236 626 praeclara.
1280 542 1357 610 culix

79 665 156 727 onim
179 665 374 740 excogitatus
395 662 516 725 videtur
535 665 571 724 ad
595 664 753 741 tonnulae,
783 664 908 725 subaudi
931 662 1097 739 ineundae,
1119 660 1172 722 vei
1194 660 1358 721 subeundae

79 778 263 840 modulorum
290 784 350 840 etc.
386 797 439 839 seu
466 779 629 841 secundum
656 777 797 840 tormaiaa
824 778 1027 855 modulorum,
1061 783 1095 839 ut
1120 771 1160 837 τὸ
1189 776 1238 837 ad
1266 773 1358 835 reici

80 894 219 971 omittas,
248 893 294 954 sic
322 911 356 954 se
383 894 495 972 optime
523 912 572 954 rea
599 893 717 957 habeat.
759 893 832 955 Nam
859 893 1096 971 subintelligitur
1117 887 1212 952 eard.
1260 890 1359 953 arma

80 1008 179 1069 antem
205 1011 317 1069 rectum
344 1012 404 1070 est.
446 1009 492 1069 En
512 1023 644 1070 sensus:
670 1009 770 1086 Rigor
789 1010 869 1071 aeris
893 1027 953 1071 non
974 1010 1095 1070 timetur
1115 1008 1216 1069 laxari
1241 1004 1290 1067 vei
1310 1022 1356 1065 cu-
1400 1054 1402 1059 .

80 1122 188 1185 arctari
215 1142 320 1202 posse.
365 1121 549 1188 CORRAD.
591 1125 698 1201 Lego:
734 1127 801 1186 Aee
830 1129 1032 1204 recogitatum
1059 1121 1199 1198 videtur,
1233 1126 1357 1203 neurim
1398 1110 1402 1217 t

80 1240 183 1318 ripere
203 1242 287 1300 aeria
310 1239 490 1320 difficiliore
510 1239 554 1301 ad
572 1240 682 1320 pteram
702 1258 763 1301 eon
783 1244 882 1302 timeri
899 1248 1005 1321 pateat
1021 1239 1127 1300 taxari
1141 1237 1196 1300 vet
1213 1239 1357 1300 coarctari
1398 1220 1402 1323 ΙΙ

78 1351 199 1433 formae
219 1353 416 1417 modulorum.
458 1354 531 1417 Noa
558 1360 656 1417 timeri
679 1366 800 1438 pateat,
827 1354 1085 1434 impersonaliter,
1114 1358 1148 1414 nt
1168 1358 1308 1415 rimetur:
1331 1369 1355 1411 r.
1400 1390 1402 1417 ι

80 1465 211 1531 Forcell.
254 1467 381 1531 insolita
407 1474 505 1533 autem
534 1472 567 1533 et
591 1473 727 1532 cadentis
754 1470 877 1550 linguae
899 1471 1033 1532 iunctura
1054 1475 1102 1532 est
1123 1486 1190 1529 com
1213 1466 1357 1529 intinitirir

79 1582 200 1660 taxari,
223 1590 390 1646 coarctari.
413 1588 452 1646 ci'.
474 1585 602 1648 Forceii.
625 1605 657 1646 v.
680 1592 740 1649 tim.
768 1587 945 1668 Deformis
965 1585 1211 1647 Artenam.
1239 1579 1356 1643 torceii.

80 1696 114 1760 ia
145 1719 175 1760 v.
209 1702 278 1761 itenr
311 1702 449 1764 Brisson.
481 1700 597 1763 Savaro
631 1703 668 1763 ad
701 1702 808 1763 Sidon.
838 1702 937 1782 Epist.
958 1721 989 1780 p.
1006 1704 1059 1762 aa.
1100 1698 1243 1761 Helian.
1284 1695 1357 1759 iridri

80 1814 186 1893 scripti
216 1818 247 1876 et
273 1816 346 1878 editi
368 1836 444 1898 qnos
467 1817 538 1877 noni
560 1833 680 1878 omnes:
710 1821 796 1896 ripor
816 1823 900 1881 aeria
922 1817 1097 1899 difficilior,
1127 1815 1188 1876 nisi
1212 1811 1293 1894 quod
1310 1830 1357 1891 pra

80 1932 165 1992 aeria
186 1928 255 1992 VF
275 1934 341 1992 ciue
364 1932 426 2001 (sie
447 1930 573 2010 amplios
595 1934 748 2010 corrigere
771 1931 902 1993 debebat
922 1932 1052 2004 licina).
1084 1931 1159 1990 Tum
1184 1935 1249 1990 tres
1271 1927 1357 1989 codd:

80 2046 189 2106 timeri.
233 2046 320 2132 Quod
343 2052 511 2125 corruptum
534 2065 604 2108 esse
627 2048 727 2109 iudico
750 2066 791 2109 ex
813 2057 940 2123 tenere,
968 2046 1047 2128 quod
1075 2045 1192 2124 iegitur
1220 2045 1252 2104 in
1281 2041 1358 2103 illaria

81 2159 248 2238 editia=‚..et
262 2165 345 2223 recte
363 2163 494 2223 restituit
515 2162 589 2223 Scir.
623 2163 724 2243 Saepe
740 2167 837 2224 autera
859 2172 968 2225 temere
989 2162 1037 2223 eet
1058 2162 1078 2221 i.
1095 2179 1126 2242 q.
1143 2158 1255 2236 iaeiie,
1277 2172 1359 2236 prae-

80 2277 184 2336 sertim
205 2276 305 2337 addita
326 2279 500 2352 negatione.
521 2297 555 2336 v.
576 2278 676 2339 Brenni
698 2279 734 2338 ad
757 2277 834 2356 Nep.
857 2276 954 2339 Attic.
972 2282 1029 2355 20,
1047 2280 1077 2336 2.
1099 2279 1131 2337 et
1150 2271 1315 2335 Forceilin.
1333 2272 1358 2331 in

80 2406 126 2452 v.
147 2390 285 2472 Denique
307 2390 396 2453 Uv:
419 2396 576 2454 coarctari
594 2391 745 2471 formatae
765 2393 953 2455 medulorum
975 2396 1025 2475 pue·
1040 2400 1112 2453 auat
1126 2409 1204 2451 orna.
1237 2387 1303 2450 Sed
1321 2383 1359 2448 G:

81 2510 231 2567 coartari.
269 2508 432 2569 Ferrnutea
451 2508 531 2570 rnod.
554 2512 586 2569 et
606 2509 684 2570 edd:
708 2514 874 2572 coarctari.
911 2509 1054 2571 Fomenta
1074 2506 1155 2568 raud.
1178 2504 1359 2566 rectissime-

74 2637 142 2702 ‚que
170 2623 225 2682 iam
255 2623 329 2683 Scir.
359 2624 452 2684 verim
480 2625 644 2686 Forrnutae
671 2623 859 2688 modulorum
886 2626 923 2685 ad
952 2625 1124 2705 sequentem
1152 2619 1224 2682 Art.
1246 2598 1358 2693 reiecit,

80 2735 132 2798 ula
157 2738 194 2798 ad
221 2757 326 2799 noram
353 2758 414 2798 rem
443 2740 596 2799 transitur.
640 2740 718 2826 Quid
741 2734 855 2800 inuitat
895 2740 1084 2800 Manifestum
1107 2741 1175 2814 est,
1204 2734 1358 2814 tegendum

81 2853 116 2917 et
141 2853 407 2932 interpungendum
435 2873 525 2931 esse,
555 2858 588 2916 nt
614 2874 670 2915 nos
696 2855 855 2915 edidimus.
897 2855 1026 2916 Lauare
1048 2856 1096 2913 est
1117 2851 1307 2928 extendere,
1333 2852 1359 2908 rt

79 2965 191 3031 taxare
207 2969 323 3048 serrum
348 2970 425 3032 Stat.
448 2969 563 3030 Aciriii.
588 2969 610 3030 Ι.
636 2975 704 3033 129.
748 2968 804 3032 Cui
827 2972 988 3050 opponitur
1009 2977 1153 3029 coartare
1173 2969 1196 3026 i.
1218 2985 1248 3026 e.
1273 2982 1359 3026 coan-

80 3090 217 3162 gesture.
259 3084 359 3164 Ripae
379 3090 463 3146 aeria
483 3090 553 3146 nuta
575 3085 715 3166 loquendi
738 3087 953 3165 consuetudine
975 3086 1084 3146 dicitur
1104 3099 1179 3162 prox
1202 3100 1257 3154 aes
1281 3079 1319 3162 [i.
1335 3098 1358 3139 e.

80 3216 193 3264 aeneus
214 3201 366 3271 rnodulus)
390 3203 428 3262 oir
451 3204 604 3281 duritiem,
630 3221 687 3284 qua
709 3205 804 3263 rninus
826 3205 874 3263 urst
894 3201 1048 3278 flexibile,
1070 3219 1129 3262 non
1150 3198 1242 3260 tacite
1265 3200 1357 3277 potent

81 3333 180 3400 neque
206 3316 301 3377 taxari
329 3336 425 3398 neque
454 3319 591 3378 coartari.
635 3320 747 3381 diadem
774 3318 890 3379 ratione
916 3319 986 3380 Art.
1004 3320 1062 3378 93:
1089 3317 1169 3397 fatie
1188 3319 1357 3397 propriane

81 3447 182 3513 apeue
203 3466 241 3477 -
265 3445 435 3515 aequatura
455 3466 497 3479 -
516 3443 700 3514 superatura
720 3469 761 3479 -
782 3439 883 3496 venriet
902 3438 932 3495 ia
949 3433 1048 3495 merrae
1063 3433 1213 3514 deformia
1230 3436 1358 3512 (aquae).

81 3544 151 3610 Art.
169 3553 227 3609 35:
249 3551 434 3612 onerandam
455 3570 525 3612 eoae
545 3555 756 3630 erepatiaaem.
790 3549 859 3612 Art.
872 3556 928 3611 12:
948 3554 1110 3614 siccitates
1131 3562 1254 3630 eperent
1275 3554 1357 3612 acai-

80 3661 135 3724 ta‘o.
178 3662 246 3725 Art.
266 3670 322 3726 19:
344 3669 516 3746 respirante
536 3671 668 3728 rivorum
690 3686 793 3727 cerea.

695 3868 747 3927 dt.

164 4013 326 4077 Formatae
347 4017 547 4090 ruodutorum)
575 4017 688 4079 Vocem
707 4016 844 4097 formala
865 4013 1036 4092 significare
1057 4014 1121 4077 troo
1139 4015 1208 4080 ioco
1232 4019 1310 4080 idern
1330 4037 1359 4080 aa

80 4131 184 4214 samaa
210 4131 334 4210 opinare
364 4151 438 4212 auare
467 4152 532 4193 vox
556 4133 658 4213 sarrae
683 4151 739 4212 pro
763 4133 870 4213 fistula
895 4131 1052 4214 aliquando
1081 4136 1305 4215 accipiebatur,
1332 4138 1361 4196 at

82 4248 191 4311 dictum
213 4250 261 4308 est
282 4248 320 4307 ad
341 4247 410 4309 Art.
432 4250 466 4307 ii
490 4249 663 4330 diceturque
685 4248 723 4311 ad
744 4249 838 4312 verba
857 4250 977 4330 formae
998 4253 1129 4310 rivorum
1151 4248 1220 4314 Art.
1234 4254 1286 4314 75.
1327 4248 1362 4311 iit

83 4382 147 4426 carn
174 4362 314 4428 modulae
341 4362 499 4446 aliquando
526 4382 580 4442 pro
603 4365 670 4444 ipsa
689 4386 828 4430 manaurn
849 4369 1041 4445 usurparetur
1068 4368 1118 4435 (nt
1138 4368 1310 4430 nourinros
1329 4363 1363 4428 ad
