2888 4710
370 150 375 161 ⁴
422 184 505 272 ’nn
529 193 721 290 Aoum
745 198 1027 280 occursus,

79 425 240 503 odicium
264 449 311 503 ex
328 425 525 506 adiuturum
541 454 651 530 agere
667 434 887 531 praeceptis:
915 433 1010 532 quod
1025 433 1101 508 fieri
1117 457 1272 509 necesse

79 553 160 641 est,
196 545 357 641 quotiens
383 546 555 645 imperitia
580 549 779 645 praecessit
805 550 903 647 eius,
940 549 986 624 ad
1016 552 1118 624 cuius
1145 550 1271 624 crebro

78 658 281 734 decurritur
305 684 429 736 usum:
457 685 605 760 quorum
632 663 700 737 etsi
725 666 952 739 necessariae
978 676 1098 763 partes
1119 675 1201 738 sunt
1225 664 1270 738 ad

77 775 322 875 ministerium,
349 787 465 852 tamen
491 778 561 851 sint
584 779 722 853 nonnisi
746 803 871 853 manus
893 782 1066 877 quaedam
1083 791 1117 854 et
1135 781 1270 854 instru-

78 901 236 966 mentum
262 893 413 992 agentis.
454 890 680 993 Quapropter
706 920 760 991 ea,
789 918 879 992 quae
905 896 950 969 ad
975 898 1177 970 universam
1195 920 1271 969 rem

77 1009 289 1108 pertinentia
323 1008 530 1086 contrahere
562 1011 680 1108 potui,
721 1035 818 1085 more
851 1013 920 1084 iam
954 1037 1018 1110 per
1048 1013 1156 1085 mrdta
1186 1011 1270 1086 mihi

78 1110 200 1200 officia
224 1136 369 1199 servato
395 1126 430 1198 in
457 1124 614 1200 ordinem
639 1131 674 1200 et
699 1125 796 1201 velut
822 1127 855 1199 in
882 1151 1013 1224 corpus
1039 1127 1197 1224 diducta,
1231 1127 1268 1201 in

76 1239 173 1315 hunc
197 1243 483 1316 commentarium
508 1241 648 1337 contuli,
675 1265 780 1339 quem
795 1266 859 1339 pro
880 1243 1028 1316 formula
1043 1242 1267 1316 administra-

75 1357 185 1432 tionis
211 1359 392 1456 respicere
416 1381 572 1456 possem.
621 1357 665 1431 ln
690 1357 768 1431 aliis
794 1368 909 1432 autem
934 1359 1045 1456 libris,
1073 1381 1164 1456 quos
1184 1367 1268 1456 post

76 1471 320 1571 experimenta
352 1484 389 1548 et
419 1497 524 1546 usum
557 1475 759 1572 composui,
795 1472 1059 1548 succedentium
1092 1497 1153 1548 res
1185 1484 1264 1547 acta

75 1599 156 1665 est:
182 1587 287 1664 huius
312 1591 550 1664 commentarii
575 1590 740 1665 fortassis
766 1590 949 1688 pertinebit
981 1601 1017 1665 et
1041 1589 1086 1664 ad
1111 1613 1265 1664 succes·

76 1729 201 1780 sorem
224 1706 374 1800 utilitas3
401 1704 469 1781 sed
494 1730 574 1778 cum
599 1707 689 1780 inter
713 1707 807 1780 initia
833 1706 1138 1782 administrationis
1163 1730 1265 1782 meae

75 1823 234 1921 scriptus
259 1823 317 1919 sit,
343 1824 379 1898 in
404 1823 525 1922 primis
552 1820 597 1895 ad
620 1846 735 1895 meam
760 1824 1007 1898 institutionem
1036 1823 1265 1922 regulamque

71 1937 249 2036 proficiet
298 1938 361 2015 Ac
394 1964 438 2013 ne
474 1938 556 2035 quid
590 1938 636 2011 ad
668 1941 775 2012 totius
808 1940 860 2012 rei
893 1941 1071 2037 pertinens
1109 1940 1265 2013 notitiam
1312 1935 1338 2009 3

74 2054 363 2154 praetermisisse
387 2053 528 2151 videar,
562 2056 701 2128 nomina
726 2057 874 2153 primum
899 2079 1085 2152 aquarum,
1114 2079 1204 2151 quae
1230 2053 1265 2127 in

75 2170 204 2246 urbem
228 2171 381 2248 Romam
405 2170 568 2269 influunt,
604 2195 749 2271 ponam;
783 2180 856 2245 tum
889 2196 953 2270 per
987 2195 1077 2269 quos
1105 2192 1265 2269 quaeque

73 2488 239 2555 uranum.
281 2488 350 2552 Non
376 2488 453 2551 cuim
475 2487 633 2550 Frontinus
660 2487 690 2549 id
717 2505 810 2566 agero
836 2489 977 2568 poterat,
1010 2490 1044 2551 ut
1070 2485 1120 2549 hic
1151 2488 1265 2550 auctam

76 2590 200 2671 scriptis
220 2588 286 2651 sula
303 2592 527 2652 antecessorum
548 2587 674 2664 gloriam
695 2588 896 2667 praedicaret,
926 2587 980 2648 sed
1008 2586 1207 2650 tantummodo
1234 2588 1268 2646 ut

76 2691 342 2768 commemoraret,
374 2688 444 2783 quid
469 2687 581 2768 scripta
607 2706 662 2748 sua
687 2686 824 2748 valerent
851 2685 978 2767 quidque
1001 2684 1148 2747 commodi
1169 2702 1210 2746 cx
1229 2683 1267 2743 iis

77 2791 116 2854 ad
134 2792 277 2870 posteras
287 2786 514 2850 redundaturum
530 2803 601 2848 cssc
619 2788 764 2866 speraret.
806 2784 915 2847 Veram
937 2782 997 2844 loci
1017 2784 1191 2846 sententiam
1212 2797 1267 2843 ac-

79 2890 148 2971 cipe
160 2889 191 2949 iu
201 2887 329 2951 Annott.
1099 2954 1108 2975 .

118 2985 287 3069 salcosis)
307 2985 360 3051 Sic
382 2983 467 3066 GU,
490 2988 523 3049 et
552 2985 583 3046 iu
603 2984 700 3048 Paris.
722 2982 811 3046 rubro
834 2980 936 3044 coloro
958 2980 1149 3044 interlineas
1172 2980 1268 3042 corn’-

77 3080 161 3167 gitur
181 3104 238 3167 pro
273 3085 425 3168 fortusse,
453 3087 487 3149 ut
515 3087 564 3148 cst
588 3084 670 3149 nv
697 3088 729 3148 et
758 3083 827 3146 edd.
869 3082 947 3146 Mox
974 3080 1017 3144 U:
1050 3097 1269 3144 successorum.

77 3189 176 3252 Paris.
199 3185 257 3249 sed
274 3202 371 3270 quom.

119 3287 166 3351 ad
183 3295 295 3364 nuum
336 3282 418 3348 lnG
447 3282 568 3347 videtur
594 3286 746 3347 exarawm
774 3299 845 3345 csse
866 3289 1011 3344 nostrum.
1033 3278 1111 3341 Mox
1133 3277 1176 3341 U:
1196 3294 1272 3358 pcr-

75 3387 172 3470 ficiet.

119 3482 265 3569 influunt)
287 3479 331 3546 0:
354 3483 490 3567 influunt.
806 3560 819 3579 ἱ
1321 3493 1339 3539 a

118 3583 250 3669 porum)
271 3581 410 3663 Scriptus
427 3601 575 3666 pronaum.
607 3580 671 3643 Alii
690 3580 835 3664 pandum.
872 3575 1102 3657 undenum}
1122 3574 1192 3639 Art.
1216 3578 1272 3636 64:

78 3702 162 3747 msc
180 3699 293 3764 porrum
313 3685 374 3745 etc.

121 3790 153 3845 ce
174 3781 282 3864 puoto)
303 3781 337 3844 ln
360 3779 449 3843 codd.
472 3779 546 3843 etr
569 3780 657 3841 deest
678 3787 717 3841 ct.

121 3881 291 3965 perductae
310 3882 390 3960 aiut)
414 3878 483 3943 Pol.
494 3880 645 3961 perducta
665 3882 718 3940 sit.
741 3877 803 3940 Sed
827 3874 903 3939 GU:
923 3874 1073 3959 perducta
1093 3876 1166 3935 sint.
1189 3871 1275 3934 VF:

81 3981 252 4064 perductae
271 3990 351 4042 sunt.
379 3979 476 4043 Paris.
503 3979 523 4039 J
551 3983 582 4042 ct
602 3990 670 4041 rec:
691 3979 860 4059 perductae
880 3979 952 4038 sint.
995 3974 1105 4036 Recto.
1149 3972 1197 4032 De
1220 3988 1282 4052 quo,

83 4082 162 4163 plur.
185 4098 306 4144 numero
328 4083 400 4160 post
420 4083 544 4161 quisque
564 4098 597 4139 v.
620 4078 747 4155 Herzog
767 4077 804 4139 ad
818 4074 908 4139 Caes.
925 4076 963 4137 B.
981 4072 1019 4138 0.
1033 4073 1075 4135 11.
1088 4078 1140 4134 37.
1157 4069 1278 4133 Ruhnk.

82 4182 123 4245 ad
143 4181 269 4244 Terent.
291 4180 369 4241 Eun.
392 4178 474 4241 Prol.
498 4178 607 4258 Zumpt
629 4176 728 4241 Gran.
751 4177 817 4240 Lat.
840 4173 876 4258 S.
900 4177 972 4240 361.

125 4303 148 4344 a
169 4290 257 4366 puoto
278 4280 422 4342 milliario
445 4280 635 4360 coepissent)
660 4276 705 4343 C:
727 4297 748 4340 a
769 4288 858 4361 quoto
881 4278 1033 4357 coepisse.
1058 4268 1159 4348 Saepe
1178 4268 1208 4329 in
1225 4265 1284 4326 iroc

86 4380 156 4444 cod.
178 4378 304 4462 aliisquo
318 4378 403 4443 libris
415 4379 587 4443 infinitivum
602 4384 741 4461 corrupto
754 4375 904 4456 exhiheri,
929 4372 1082 4436 audiemus
1096 4369 1133 4431 ad
1149 4365 1218 4431 Art.
1232 4369 1283 4426 ιη.
