2888 4710
504 183 945 265 Annonnmonins.
1288 182 1363 258 233

84 420 299 501 praecedentis
319 420 484 501 particulae
504 422 590 504 quasi
611 423 773 500 immemor,
795 408 1039 483 consuetudinem
1061 420 1210 483 scribendi
1231 421 1262 482 in
1279 419 1364 499 legl-

82 537 143 599 bns
162 538 310 617 propriam
331 538 451 615 retinet,
474 554 606 616 pergens
628 522 693 600 cum
714 538 908 617 imperativis.
950 536 1087 600 Alterum
1109 536 1275 616 exemplum
1293 534 1362 597 milri

82 655 133 714 est
154 653 351 729 incognitum.
392 652 534 715 Attamen
557 654 663 715 reterri
684 653 742 714 lnuc
763 670 858 733 posse
885 653 1008 716 videtur
1035 653 1121 715 locus
1148 652 1227 714 Livii
1248 652 1287 716 V.
1312 655 1362 729 15,

81 785 143 849 quo
164 768 364 847 praecedente
385 777 421 831 ut
438 771 577 849 pergitur
599 768 764 831 infinitivo:
786 768 842 832 Sic
863 770 950 832 tibris
969 768 1121 850 fatalibus
1131 768 1274 830 traditum
1285 787 1363 845 esse,
1391 846 1400 870 ο

82 891 134 961 ut,
165 883 286 965 quando
316 902 397 967 aqna
416 884 539 948 Albana
559 883 759 960 abundasset,
786 893 862 961 tam,
893 889 923 947 si
943 904 1008 946 eam
1028 883 1184 946 Romanas
1205 888 1372 961 emisisset,

79 1002 244 1060 victoriam
271 998 311 1061 de
341 998 512 1063 Veientibus
538 1000 617 1062 duri.
659 1001 719 1061 nisi
747 1007 781 1062 nt
801 1001 1043 1078 coniungendum
1072 1019 1135 1061 cum
1163 1000 1296 1084 qnando.
1330 1019 1361 1060 r.

84 1111 207 1174 Duker.
250 1114 445 1176 Heinrichius
466 1119 562 1177 autem
583 1119 656 1195 post
676 1119 722 1177 ica
741 1124 776 1178 at
794 1115 925 1177 lacunam
948 1134 1017 1177 esse
1040 1117 1154 1178 statuit.

165 1233 341 1292 terminatus
362 1234 497 1308 steterit)
537 1233 725 1294 Terminatus
754 1233 833 1293 idem
854 1250 889 1293 ac
911 1235 1052 1294 temnimus
1069 1231 1236 1310 significat,
1264 1235 1296 1292 ut
1323 1248 1364 1292 ex

80 1345 178 1405 variis
199 1345 371 1407 auctoribus
398 1345 528 1424 collegit
556 1347 607 1408 W.
631 1345 762 1408 (lessius
783 1348 814 1407 in
842 1345 906 1409 lnd.
929 1347 957 1409 in
980 1347 1038 1410 Rei
1067 1366 1166 1425 agrar.
1189 1348 1304 1426 scripit.
1326 1348 1364 1407 ad

81 1459 206 1520 verbum
224 1465 414 1522 terminatus.
458 1459 610 1523 Credibile
633 1464 730 1523 tumen
746 1462 788 1541 nt,
810 1464 970 1542 proposita
990 1463 1085 1524 verba
1106 1462 1247 1524 translate
1262 1464 1364 1542 posita

81 1593 162 1652 esse,
184 1579 217 1637 ut
236 1595 292 1655 pro
315 1577 437 1639 termino
462 1577 569 1655 „locos
592 1577 797 1657 terminatus,“
814 1596 868 1639 seu
885 1581 1032 1657 „spatium
1049 1579 1182 1640 terminis
1197 1577 1363 1639 inclusum“

80 1690 285 1770 intelligatur:
312 1693 445 1752 nimirum
473 1694 600 1773 spatium
622 1693 769 1755 stantibus
791 1695 923 1755 terminis
945 1693 1110 1774 definitum,
1138 1694 1217 1775 quod
1238 1711 1362 1755 vacuum

81 1810 167 1869 esset
188 1806 415 1890 publicumquc3
439 1808 680 1889 quemadmodum
702 1812 787 1871 crant
808 1810 963 1889 caspalin,
987 1807 1145 1891 dequibus
1167 1809 1361 1887 inpostremo

81 1941 122 1984 ex
143 1923 248 1984 relatis
268 1941 286 1983 a
307 1923 450 1985 Frontino
473 1924 601 1986 Senatus
623 1924 772 1986 consultis
794 1926 894 1987 iuerat
915 1926 1118 2002 constitutum,
1142 1926 1284 2008 quaedam
1304 1944 1362 1986 va-

80 2056 137 2100 ona
157 2041 261 2118 patere
284 2038 390 2121 quinos
412 2039 506 2101 denos
526 2043 634 2121 pedes,
656 2042 799 2124 quaedam
821 2059 895 2102 vero
917 2041 1013 2120 pedes
1034 2041 1153 2123 quinos.
1195 2039 1261 2100 Nisi
1284 2042 1361 2102 enim

79 2173 117 2216 ea
136 2154 233 2215 verba
259 2155 302 2216 lta
324 2155 567 2236 interpretemur,
595 2157 744 2238 quomodo
771 2158 927 2238 sequentia
954 2155 1048 2217 verba
1070 2154 1224 2234 explicaro
1249 2155 1363 2218 dobea-

78 2290 164 2348 nnns,
185 2270 276 2350 plane
302 2288 361 2331 non
386 2272 490 2334 video.
531 2272 621 2337 Pon.
663 2273 790 2352 Proprie
811 2275 895 2333 actius
918 2271 1106 2349 temrinandl,
1128 2290 1183 2350 pro
1207 2272 1274 2350 ipso
1297 2275 1361 2333 ter-

77 2381 170 2449 mino.
192 2384 330 2448 HbllNR.
375 2385 425 2449 Gt.
447 2386 608 2450 Foruellin.
631 2390 660 2448 in
682 2408 712 2449 v.
735 2387 809 2450 Scir.
829 2386 900 2448 Vll.
924 2385 1091 2464 tetegit:
1117 2391 1146 2448 si
1167 2394 1361 2469 qua-termi-

77 2507 164 2564 natio
193 2499 448 2582 [Vermarlrungl.
491 2501 539 2564 lle
570 2504 745 2580 integritate
770 2503 858 2564 vocis
887 2520 946 2563 non
968 2506 1016 2564 est
1037 2502 1240 2579 dubitandum,
1263 2522 1360 2584 neque

75 2617 137 2681 lroe
158 2617 228 2678 loco
250 2635 347 2699 neque
368 2619 447 2678 intra
468 2619 616 2699 sequenti,
639 2620 724 2679 ouius
737 2617 985 2696 significationem
1007 2623 1089 2678 recte
1106 2618 1359 2696 expilanavitPol.

159 2753 198 2795 ne
219 2737 286 2816 quis
308 2737 383 2807 otc.)
414 2735 514 2796 Locus
537 2733 702 2796 simillimus
725 2737 755 2796 ln
785 2734 857 2812 lege
884 2752 931 2812 ap.
954 2733 1047 2795 Gocs.
1068 2753 1098 2812 p.
1120 2737 1199 2794 339:
1227 2754 1265 2795 ne
1293 2738 1361 2816 qais

75 2868 133 2912 eos
153 2848 260 2911 limites
280 2850 477 2911 Dememcmos
498 2850 653 2932 obseptio,
679 2871 755 2914 nece
776 2851 850 2934 quid
871 2854 901 2911 in
923 2853 968 2911 eis
985 2849 1171 2925 immobilem,
1192 2869 1266 2910 neoc
1288 2850 1362 2932 quid

75 2965 121 3028 ibi
139 2969 272 3048 positum
291 2965 400 3029 babeto
411 3009 422 3042 ,
450 2986 525 3028 neve
545 2985 599 3028 eoo
621 2977 728 3043 erato,
755 2986 832 3029 neue
852 2986 906 3027 eus
925 2967 1035 3046 fossos
1051 2966 1191 3028 obturato
1201 3010 1211 3043 ,
1232 2986 1270 3026 ne
1291 2970 1360 3048 quis

74 3084 186 3166 sepite,
209 3084 268 3143 eto.
404 3162 408 3170 Ι

159 3201 191 3258 in
211 3216 247 3259 eo
271 3194 358 3278 loeo)
381 3201 402 3258 i.
426 3219 453 3261 o.
476 3201 506 3260 in
528 3220 564 3261 co
588 3201 686 3279 spatio
709 3198 855 3261 stantibus
877 3199 1010 3261 temrinis
1033 3196 1175 3276 deinito,
1205 3198 1283 3280 quod
1301 3217 1358 3258 va-

76 3332 163 3375 cuum
183 3312 391 3396 publicumque
415 3333 484 3375 csse
507 3315 645 3377 debehat.
668 3314 757 3377 Pon.

157 3429 281 3500 molito)
303 3430 428 3491 Praeter
449 3435 569 3492 ceteros
590 3431 725 3492 Frontini
747 3431 925 3510 interpretes
948 3432 1066 3492 activae
1088 3432 1200 3489 toronae
1222 3430 1358 3506 petroci-

75 3548 183 3607 nantur
211 3543 326 3608 Duker.
351 3546 389 3606 ad
418 3545 485 3609 Liv.
511 3547 658 3611 xxxix.
680 3550 736 3625 ld,
767 3552 796 3608 l.
827 3548 858 3607 et
882 3544 1042 3607 Forcellin.
1071 3545 1100 3604 in
1127 3563 1181 3604 vv,
1209 3544 1299 3605 motio
1328 3547 1361 3605 ot

75 3659 214 3742 obsepio.
256 3638 370 3739 Recte}
398 3659 472 3739 loge
494 3664 594 3737 modo,
617 3681 690 3745 quac
713 3663 839 3740 exponit
859 3659 1033 3721 Priscianus
1053 3660 1106 3724 lin.
1127 3658 1213 3722 vill.
1234 3679 1265 3738 p,
1287 3664 1358 3724 291.

72 3774 168 3839 Basil.
192 3781 288 3840 1545:
323 3777 495 3840 Praeterea
521 3778 654 3858 plurima
680 3781 872 3840 invenientur
900 3776 986 3858 apud
1011 3779 1251 3852 vetustissimos,
1281 3796 1359 3858 qnae

75 3899 186 3971 contqa
208 3894 450 3955 consuetudinem
469 3894 520 3954 eet
541 3897 675 3955 activum
694 3897 899 3975 propassione
923 3891 1035 3953 babent
1053 3895 1303 3968 terminationem,
1325 3901 1359 3952 nt

74 4040 118 4052 ·-
138 4009 229 4069 mulio
249 4027 309 4093 pro
330 4010 449 4084 molior,
473 4013 530 4070 cte.
569 4009 664 4070 Porro
687 4009 810 4070 verbum
833 4026 968 4087 compos.
1001 4007 1147 4070 demolire
1168 4010 1197 4069 in
1218 4006 1274 4067 lrac
1292 4009 1360 4085 ipso

75 4122 149 4200 lege
170 4124 299 4186 admittit
314 4125 492 4203 Frontinus3
521 4128 610 4206 atquc
633 4125 728 4187 verbo
750 4124 852 4186 moliri
878 4122 1099 4203 significatione
1121 4122 1246 4203 passiva
1267 4123 1358 4180 utrm-

75 4243 125 4302 tnr
145 4237 308 4318 Apuleius,
329 4241 443 4302 Nonius
466 4244 514 4313 (v.
536 4240 695 4302 Forcelliu.
718 4242 749 4302 in
770 4245 831 4314 m).
874 4239 1017 4320 Explicat
1037 4238 1220 4302 l'orcellinus
1238 4236 1360 4313 „stroit,

78 4354 251 4418 aedificat.“
293 4351 417 4437 Melius,
443 4358 560 4438 opinor,
584 4355 658 4418 Sclr.
682 4356 901 4436 „auin·ericn.“
