2888 4710
94 213 167 288 roo
514 214 957 331 ,ruuonurrouns

174 454 356 533 ,tepuisi'ne
377 458 491 533 aparte)
521 452 543 511 Ι.
567 469 594 513 r.
618 469 657 511 ex
679 450 814 531 pluribus
836 449 1072 527 scaturiginibus
1095 450 1125 509 in
1148 467 1238 509 unum
1261 448 1367 510 aucun

93 566 256 628 derivatae.
300 567 409 627 Eadem
438 570 530 628 ierrnc
557 567 780 643 significatione
806 566 875 627 Art.
895 569 950 627 lo:
983 562 1076 643 Virpo
1101 564 1272 626 adiuvatur
1293 582 1368 626 con-

88 680 230 761 pluribus
262 682 526 765 aureeisitionibus.
573 682 643 745 Art.
671 687 728 747 oa:
760 682 850 744 Julic
881 702 920 743 cc
949 679 1092 763 pluribus
1121 680 1368 763 acquisitionibus

91 806 223 859 coastat.
267 796 336 878 (Gi.
359 796 426 858 Art.
446 794 514 879 io).
557 797 646 860 Pon.
689 798 932 880 Aequisitionunr
965 796 1082 859 nomine
1115 788 1262 874 intelligo
1294 796 1365 857 ‹leri-

90 914 229 973 vationos
252 931 388 994 aptarum
410 932 451 975 cx
472 915 707 990 scaturiginibus
729 913 794 974 suis
816 913 845 973 in
867 914 985 975 ductus.
1022 912 1107 999 Quae
1129 930 1227 992 aquae
1250 914 1363 991 sparsio

88 1026 265 1104 fluxissent,
295 1030 351 1088 nisi
374 1029 504 1091 inissent
524 1032 705 1111 acquisitae,
733 1030 753 1089 i.
771 1048 800 1089 e.
823 1030 995 1107 derivatae,
1019 1034 1050 1088 ut
1071 1027 1178 1106 plures
1200 1045 1261 1088 una
1281 1029 1363 1088 ‹luec-

88 1147 199 1203 ruuinr.
244 1142 330 1206 tuit..
353 1146 389 1205 aul
412 1146 479 1207 Art.
497 1149 548 1206 59.

170 1262 215 1319 iio
248 1269 344 1319 tumeo
377 1260 480 1321 ‹liciso
511 1264 704 1341 eropntiooe,
736 1270 772 1321 ut
796 1264 873 1331 cte.)
908 1258 1041 1323 Cunctae
1069 1277 1165 1340 auitae
1193 1259 1359 1319 coniunctio

85 1374 188 1434 tuenti
215 1382 284 1435 ante
309 1376 451 1454 piscinam
475 1376 530 1436 tuit
552 1395 658 1437 nomen
678 1376 795 1439 Juliae:
826 1376 935 1437 deinde
958 1377 1003 1435 sic
1026 1376 1126 1436 diuisa
1149 1381 1197 1435 est
1221 1374 1358 1452 erogatio,

86 1496 118 1549 ut
139 1506 214 1571 aqua
236 1510 275 1551 ex
297 1492 411 1569 piscina
431 1491 529 1553 Juliae
552 1510 607 1570 por
628 1493 735 1553 ostium
758 1493 898 1565 superins
921 1491 1046 1551 effluens
1066 1489 1167 1551 luliae
1189 1507 1296 1550 nomen
1315 1508 1358 1549 re-

85 1606 213 1682 tineret,
242 1605 336 1687 aquae
358 1613 453 1667 autem
478 1606 609 1668 effluenti
632 1625 687 1686 per
709 1607 817 1668 ostium
840 1607 966 1667 inferius
988 1608 1171 1681 mansites,
1193 1624 1279 1686 quam
1300 1610 1359 1666 anto

85 1721 322 1797 eorriunctionoor
353 1740 416 1781 cunr
445 1722 526 1783 lulia
552 1722 713 1800 habuerat,
743 1721 879 1800 Tepulae
907 1720 1082 1801 appellatio.
1123 1721 1271 1801 Tepulam
1293 1720 1360 1781 bano

85 1837 205 1911 erogari
228 1855 245 1896 c
267 1839 384 1915 piscina
404 1837 523 1915 lutiae,
545 1837 639 1918 liquet
661 1856 701 1898 ex
723 1838 792 1898 Art.
809 1843 870 1902 68:
892 1840 995 1919 tbput
1013 1856 1084 1917 erpo
1107 1842 1173 1899 eius
1196 1834 1358 1920 (Tepulae)

84 1947 304 2011 obseruandum
326 1962 372 2012 est
393 1972 414 2012 c
431 1956 557 2032 piscina
577 1953 692 2016 Juliue.
734 1952 822 2015 Pon.

166 2084 206 2125 ea·
226 2070 277 2136 eo)
302 2084 346 2126 sc.
370 2068 497 2128 ducitur.
520 2088 550 2129 v.
573 2070 610 2129 ad
632 2069 702 2129 Art.
720 2073 750 2129 6.
794 2068 932 2131 lllllNR.

165 2180 304 2251 Crebro)
332 2182 448 2243 Manui.
471 2184 507 2243 ad
531 2180 596 2246 Cic.
619 2202 674 2262 pro
696 2184 792 2246 Balbo
816 2202 842 2245 c.
860 2188 919 2261 20,
948 2187 979 2244 ct
999 2184 1036 2244 ad
1059 2184 1116 2263 lip.
1138 2183 1219 2247 Fam.
1244 2188 1293 2257 ro,
1317 2189 1359 2248 18.

82 2294 220 2358 Heluii.
265 2296 375 2359 Cellar.
408 2298 524 2377 Gcogr.
556 2298 596 2363 lt.
629 2304 660 2360 9.
692 2318 723 2379 p.
750 2305 820 2361 500.
863 2297 1001 2361 Kircbcr.
1031 2298 1096 2363 liat.
1125 2300 1198 2362 Vei.
1228 2308 1260 2362 rt
1287 2302 1359 2363 iios.

82 2433 112 2493 p.
135 2418 185 2475 60.
207 2415 238 2475 b.

163 2527 305 2613 aquarii]
330 2550 359 2592 v.
383 2528 455 2594 Soh.
477 2529 534 2592 Vl.
558 2538 586 2594 5.

162 2650 234 2718 aec)
256 2664 311 2725 pro
334 2664 418 2722 „non
440 2649 571 2711 tanron“.
615 2647 737 2724 Grysar.
758 2665 788 2725 p.
811 2652 871 2707 555
894 2668 939 2729 sq.
983 2646 1122 2710 lllllNll.
1165 2648 1304 2726 ilernog.
1325 2650 1356 2711 at

83 2760 172 2825 Caes.
194 2762 231 2823 B.
256 2759 291 2822 C.
315 2760 339 2820 l.
357 2767 408 2822 42.
441 2762 546 2844 Neque
566 2781 642 2824 vero
663 2761 722 2822 hoc
744 2762 913 2838 iaciebant,
939 2766 969 2823 ut
990 2763 1098 2822 Julian
1121 2770 1282 2841 surgerent.

162 2874 365 2958 boocrieloot)
389 2879 408 2940 i.
425 2896 452 2939 e.
476 2898 560 2959 quarn
581 2880 684 2957 potius
706 2877 939 2955 exhauriebant,
962 2896 1084 2939 vacunam
1108 2882 1282 2943 reddebant.
1313 2882 1354 2943 llo

79 2994 298 3070 significatione
319 2992 481 3055 Foreollin.
504 2996 532 3055 in
555 3014 587 3055 v.

162 3109 332 3190 compendii
356 3113 405 3170 aui
430 3114 555 3188 pratia)
586 3108 653 3173 (lic.
683 3109 741 3172 or.
763 3109 816 3173 lll.
841 3115 897 3172 15:
926 3132 960 3171 sc
985 3120 1090 3190 ocpot·
1100 3112 1256 3193 sucturum
1278 3133 1338 3175 coro

75 3224 182 3306 pendit
203 3228 252 3285 cui
272 3243 388 3302 causo,
409 3226 490 3307 quod
509 3245 570 3288 ooo
590 3227 694 3291 liccat.
715 3228 737 3287 i.
756 3244 783 3291 e.
805 3225 890 3288 lucri.

64 3310 68 3317 ι
159 3337 299 3419 cuononi}
323 3342 344 3400 i.
362 3358 391 3401 e.
414 3344 545 3404 utuntur.

158 3455 308 3536 notabili)
334 3458 355 3517 i.
377 3475 495 3536 magna.
538 3456 676 3522 HlllNlt.

159 3569 338 3632 salientibus
359 3576 462 3653 cquis)
483 3572 582 3635 Doleo
600 3579 698 3658 apulo.
730 3573 890 3636 Forecllin.
908 3594 938 3635 v.
955 3574 1092 3635 Solinus.
1125 3574 1247 3638 Frustra
1263 3578 1349 3637 Wes-

76 3685 188 3764 seling.
216 3687 253 3746 ad
280 3685 415 3748 Itinerar.
443 3689 558 3752 Anton.
585 3709 615 3769 p.
639 3695 711 3752 428.
752 3691 817 3752 Nee
845 3691 945 3751 obstat
972 3690 1101 3751 Sueten.
1124 3687 1235 3753 Oetae.
1258 3712 1284 3755 c.
1304 3695 1347 3753 82.

76 3803 245 3876 Salientes,
272 3801 411 3881 ranconi,
439 3822 482 3866 se.
505 3808 617 3868 tontes.
659 3806 798 3868 numu.
839 3805 1033 3868 Kenchenins
1062 3809 1152 3887 aquic
1177 3808 1347 3889 superfluo·

75 3924 107 3978 et
133 3919 264 3997 spurium
291 3918 403 3979 iudicat
424 3924 601 3984 auctoritate
628 3921 716 3984 Plinii
738 3921 888 3984 XXXVI.
914 3928 967 3985 15:
993 3924 1138 4004 Aprippa
1158 3957 1202 3968 --
1218 3924 1297 4004 sccii
1313 3955 1348 3969 -

75 4036 221 4095 scabentes
243 4043 359 4095 centum
382 4037 520 4117 quiaque.
564 4032 678 4102 Contra
699 4058 735 4101 ea
756 4059 789 4100 v.
812 4039 885 4102 sch.
908 4037 964 4100 111.
987 4044 1007 4099 6
1025 4042 1055 4100 et
1072 4040 1101 4098 i.

693 4245 740 4303 10.

156 4387 185 4446 io
209 4385 281 4448 urbo
298 4386 513 4467 responderit)
535 4386 628 4448 intell.
648 4389 779 4469 opinioni
797 4389 846 4452 vel
865 4390 1103 4471 exspectationi.
1128 4394 1157 4451 rt
1175 4386 1215 4450 ci.
1229 4390 1348 4451 (iunior.
