2888 4710
81 182 155 261 146
501 176 943 261 ANNO'FA'HONES.

77 442 134 505 pro
170 410 324 485 (ἱκανήν)
357 416 377 479 Ι.
407 434 435 478 e.
471 414 660 493 decurritur,
697 418 873 479 sexcenties
904 418 935 477 in
967 414 1077 491 corii,
1119 414 1210 479 etiam
1241 416 1347 495 noenia,

1385 25 1392 251 i

78 533 324 617 deprehenditur3
353 535 400 593 cni
428 532 576 593 sanamiao
601 536 651 593 est
675 530 745 593 eid.
773 530 865 593 tactio
894 530 1078 593 demtum.
1132 528 1229 593 Unica
1247 532 1350 593 uniaris
1390 532 1393 615 g

79 656 143 727 est,
173 650 252 733 quod
275 647 343 708 ioco
367 649 492 708 monstri
515 665 592 708 orum
612 648 735 728 reposui
759 646 886 713 arbro:
915 650 1001 708 cuius
1026 648 1116 707 rocis
1145 644 1217 709 ioco
1238 648 1350 709 rum

77 768 208 849 positum
231 768 295 825 erat
316 764 515 839 ariiectivum,
536 762 573 823 ad
595 781 679 823 usum
700 763 866 841 pertinens.

158 930 295 1013 spectio)
338 925 522 988 Vocabulum
555 944 648 1007 opens
685 925 863 989 Scbuitnius
897 926 1021 988 aiiirmat
1047 944 1142 1006 posse
1170 924 1223 988 iric
1251 926 1351 1009 putten

77 1042 248 1125 significare
271 1047 453 1120 „agentem
476 1059 521 1104 sc.
546 1059 728 1117 mensuram,
755 1042 991 1120 agrimensorem
999 1041 1031 1119 “‚
1059 1038 1190 1116 (collato
1214 1040 1351 1105 cuceri
1392 1048 1394 1112 ἐ

75 1160 191 1240 Hygia.
220 1160 258 1219 ‹ie
284 1156 370 1219 iimit.
400 1156 562 1231 constit),
600 1156 691 1237 idque
717 1153 859 1218 i'rontino
888 1158 1077 1217 contraxisse
1105 1158 1312 1235 ignominiam,
1327 1162 1352 1217 nt
1392 1128 1394 1171 ³

76 1278 182 1338 auctor
201 1272 342 1336 iibromm
365 1271 404 1333 de
425 1289 567 1352 aprorum
583 1271 730 1353 qualitate
751 1275 783 1331 et
804 1268 844 1332 de
860 1270 991 1333 coloniis
1011 1271 1162 1333 iudicatus
1182 1272 1239 1349 sit,
1264 1290 1352 1357 qnan-

77 1393 127 1453 vis
148 1390 179 1451 bi
202 1407 260 1451 non
282 1392 350 1448 unie-
371 1385 522 1447 saeculum
544 1386 676 1466 quintum
698 1383 760 1446 sint
770 1384 948 1446 conditi-
962 1385 1156 1462 significatio
1173 1388 1265 1449 vocis
1275 1406 1352 1470 apem

76 1506 221 1569 iaiissime
243 1504 271 1564 in
292 1502 573 1563 administrationem
596 1500 866 1561 diversissimorum
888 1518 1038 1562 munorum
1059 1501 1251 1581 publicorum
1271 1520 1352 1563 ranm

75 1624 151 1700 agit.
184 1618 342 1708 Quomodo
365 1618 461 1677 autem
478 1620 583 1677 nostro
600 1613 682 1691 ioco,
704 1614 756 1675 ubi
778 1614 816 1675 ie
837 1633 975 1697 aquarum
998 1630 1069 1676 cura
1087 1617 1206 1694 agitur,
1229 1616 1291 1679 fleri
1305 1636 1351 1697 po-

76 1736 182 1815 tnerit,
204 1740 236 1795 ut
252 1736 456 1813 oprimeasor,
478 1733 615 1812 tanquam
637 1729 713 1790 ‹ieus
734 1747 774 1790 ex
794 1728 947 1806 maehina,
969 1736 1082 1810 partem
1099 1734 1284 1813 susceperit,
1301 1750 1350 1809 ego

75 1851 211 1935 quidem,
242 1848 330 1908 etiam
357 1846 384 1907 si
411 1845 439 1905 in
472 1844 542 1906 ioco
569 1844 733 1924 depravato
761 1843 812 1905 rei
840 1845 1123 1907 absconditissimns
1144 1864 1257 1909 sensus
1276 1844 1351 1909 luet

76 1969 141 2037 (·-
163 1960 242 2045 quoti
270 1960 389 2042 quidem
417 1959 470 2020 vix
492 1960 583 2021 credo
607 1965 691 2036 -),
717 1958 921 2021 mediusfidius
948 1979 1007 2022 non
1028 1958 1183 2038 intelligo.
1227 1960 1349 2023 Proxime

74 2079 124 2142 bic
147 2079 204 2140 nisi
227 2076 264 2137 rio
285 2093 431 2157 uquarum
452 2082 594 2137 curatore
620 2074 750 2151 cogitari
771 2092 829 2135 non
855 2079 969 2155 potest.
1011 2074 1045 2136 in
1067 2072 1180 2137 lexicis
1203 2074 1242 2138 ie
1262 2074 1351 2139 linias-

76 2193 154 2257 motii
176 2188 400 2269 significatione
422 2188 512 2250 altum
536 2188 701 2263 sitentium,
723 2191 755 2250 ct
777 2189 903 2251 forsitan
924 2188 1084 2251 Frontinus
1107 2208 1142 2251 en
1165 2190 1279 2271 primus
1293 2209 1352 2252 nors

77 2315 145 2388 est3
173 2308 275 2370 euclem
307 2322 380 2366 sane
411 2305 487 2367 ratio
521 2306 570 2365 est
599 2307 775 2387 praepositi
807 2307 859 2376 (v.
881 2311 1013 2384 snpra),
1048 2305 1133 2367 euius
1160 2306 1352 2385 magistratus,

77 2441 189 2490 summa
216 2437 355 2505 aquamm
384 2435 455 2480 cura
475 2418 623 2498 praediti,
652 2416 820 2498 exemplum
842 2420 872 2480 in
894 2418 976 2481 nulio
1003 2420 1152 2499 scripture
1179 2424 1250 2483 ante
1271 2418 1353 2483 iron-

77 2542 134 2604 tint
161 2540 288 2601 aeuum
315 2551 415 2595 ernas.
448 2532 559 2595 Vemm
587 2532 674 2595 etiam
700 2531 771 2594 boio
799 2534 934 2615 opinioni
962 2539 995 2595 ut
1021 2534 1184 2613 concedas,
1209 2550 1269 2597 non
1290 2534 1354 2596 uari

77 2655 165 2717 motio
194 2650 339 2731 cogeris:
367 2648 488 2711 vitietur
508 2646 610 2727 potius
632 2649 781 2709 sententia
802 2666 872 2710 esse
893 2648 1059 2727 generatis,
1081 2658 1114 2710 ot
1134 2669 1241 2730 opens,
1263 2654 1354 2731 utpote

78 2771 192 2834 diversi
214 2764 344 2829 muneris
364 2765 575 2842 mugistmtus‚
598 2761 708 2825 debere
730 2764 761 2824 in
784 2764 955 2825 universum
978 2764 1055 2843 capi.
1098 2760 1265 2846 Compara,
1292 2782 1354 2847 quac

77 2886 164 2948 initio
185 2881 275 2943 buius
295 2876 366 2940 Ars
387 2878 426 2940 ‹ie
446 2888 536 2941 actuo
557 2878 735 2942 monuimus.
774 2876 861 2939 itanc
887 2896 1005 2960 quoque
1027 2878 1280 2958 significationem
1299 2878 1355 2941 iio-
1396 2927 1398 2949 ,

78 3002 174 3080 mant,
195 2996 277 3080 quoti
298 2995 408 3073 sciam,
430 2999 500 3055 ante
520 2992 655 3054 Frontini
677 2996 805 3055 aetatem
826 2992 1053 3073 abbormemnt,
1077 3012 1175 3076 neque
1197 3012 1233 3057 ea
1255 2996 1285 3057 in
1304 2993 1356 3055 nito
1396 3004 1398 3089 j

77 3116 178 3179 lexico
208 3112 367 3173 censetur:
396 3126 473 3192 quae
501 3107 618 3191 quidem
645 3126 695 3170 res
721 3125 794 3170 casu
814 3110 926 3170 tantum
947 3109 1056 3170 iactum
1084 3126 1175 3189 esse,
1203 3114 1254 3189 et,
1290 3108 1357 3193 quoi

78 3231 180 3295 iexica
198 3228 323 3303 attinet,
346 3224 545 3303 contemptui,
567 3242 626 3307 quo
648 3221 746 3286 adbuc
766 3222 938 3286 i’rontinum
959 3224 1236 3307 prosequebantur,
1270 3223 1357 3305 impo-

80 3350 136 3411 tari
151 3346 266 3426 pote-st.
299 3341 348 3401 De
370 3342 473 3402 cetero
496 3338 632 3421 quoniam
663 3342 751 3401 antea
781 3357 868 3401 nemo
890 3337 1043 3401 Romanus
1075 3339 1112 3401 de
1143 3356 1239 3423 aquae
1270 3340 1357 3401 ioco

80 3464 138 3523 bos
165 3460 270 3520 iibrom
307 3453 489 3535 scripserat,
518 3457 750 3516 consentaneum
784 3456 864 3532 erat,
902 3456 935 3514 ut
966 3452 1125 3515 Frontinus
1157 3472 1199 3515 ex
1225 3452 1357 3535 ioqoenii

82 3570 336 3657 proprietatibus,
364 3588 437 3650 quas
464 3570 495 3631 in
523 3571 659 3647 negotiis
686 3569 818 3650 publicis
844 3569 960 3631 terebat
986 3588 1078 3647 usus,
1108 3568 1228 3630 dicendi
1254 3584 1358 3647 genera

83 3689 260 3753 transferret
275 3684 377 3765 reique
394 3701 468 3745 suae
489 3686 742 3763 accommodaret,
769 3702 863 3765 quae,
891 3684 980 3746 nobis
1008 3700 1084 3744 nunc
1114 3682 1212 3746 minus
1232 3684 1357 3764 cognita,

84 3806 282 3870 Romanorumn
304 3800 402 3859 autem
424 3816 477 3860 ore
498 3798 679 3879 pervulgata
699 3800 819 3862 tuerint.

167 3997 250 4061 cetat
279 3998 311 4057 ia
337 3998 472 4076 corpus)
504 3994 533 4057 in
562 3997 611 4057 ein
637 3994 758 4058 (iamnes
784 3993 940 4073 gebracht
982 3994 1101 4057 ltubnir.
1135 3996 1173 4059 ari
1200 3994 1311 4059 Vellei.
1331 4013 1355 4072 p,

85 4122 157 4182 too.
178 4133 206 4179 c.
222 4116 252 4176 2.
295 4107 417 4191 Goapua
443 4108 644 4190 descriptis,
674 4113 758 4194 quasi
780 4116 872 4173 totum
896 4130 988 4191 opus,
1017 4112 1085 4173 sive
1112 4129 1172 4172 uno
1201 4111 1231 4173 iri
1252 4110 1355 4175 constet

86 4229 238 4296 volumine
263 4226 316 4286 ant
335 4222 428 4302 iibro,
455 4224 524 4286 sive
545 4224 693 4305 pluribus.
735 4223 800 4289 Cio.
822 4227 859 4288 ad
880 4226 919 4312 Q.
939 4221 988 4288 Fr.
1009 4225 1050 4291 ii.
1073 4230 1123 4291 13.
1144 4245 1174 4287 s.
1195 4226 1247 4289 bn.
1289 4226 1353 4289 cu-

84 4366 146 4433 pae
165 4342 378 4417 tietmarum,
398 4338 528 4403 Praoiat
549 4338 765 4416 Strategemat.
784 4359 815 4421 p.
831 4346 861 4405 5.
892 4340 1031 4407 iiiilNst.
