2888 4710
562 189 887 303 uuuuufflo
1192 186 1369 267 xxruu

73 429 281 503 Bonnensis
310 452 422 526 nuper
446 425 629 521 demortui,
670 424 752 521 filio,
792 430 917 496 nactus
944 444 1023 494 sum
1050 447 1071 495 a
1096 431 1198 520 patre
1224 422 1368 497 relictas

76 563 113 634 iu
139 561 346 634 Frontinum
378 560 632 634 annotationes.
682 556 857 632 Nimirum
889 555 978 627 iuter
1002 551 1227 631 Schultzium
1250 554 1368 637 Heiu-

76 692 297 790 richiumque
323 689 366 766 de
385 691 557 767 Frontino
583 688 720 765 edendo
746 695 960 762 convenerat
985 709 1028 760 eu
1053 697 1169 786 pacto,
1196 697 1236 761 ut
1249 687 1369 763 Hein-

76 823 215 899 ricbius
246 835 382 899 textum
413 835 643 921 repurgatum
668 832 704 898 et
728 846 795 896 sua
820 819 1041 894 annotatione
1067 820 1189 894 critica
1214 820 1368 896 adorna-

75 969 166 1056 tum,
193 955 403 1034 Schultzius
425 954 710 1034 Commentarios
737 975 826 1029 suos
852 958 1045 1050 separatim
1071 952 1203 1033 ederet.
1253 952 1369 1029 Post·

76 1114 186 1187 quam
217 1113 321 1163 suam
354 1090 506 1186 quisque
536 1112 680 1186 operam
705 1085 944 1186 impenderant
969 1094 1004 1158 et
1028 1084 1111 1182 quid
1135 1087 1183 1160 sit
1206 1085 1252 1159 de
1278 1108 1369 1183 qua-

76 1247 151 1320 que
179 1246 220 1296 re
246 1220 467 1296 statuendum
506 1231 540 1295 et
573 1219 795 1295 iudicandum
819 1220 890 1295 sibi
915 1227 1078 1294 oonstme
1102 1219 1369 1315 arbitrabantur,

76 1355 265 1453 opiniones
308 1355 483 1453 separatis
526 1353 654 1427 studiis
706 1362 897 1450 conceptas
940 1374 1065 1424 secum
1111 1357 1371 1439 communicare

76 1487 379 1583 communiterque
402 1485 641 1560 Frontinianis
674 1485 769 1560 curis
802 1508 934 1560 vacare
972 1494 1174 1581 coeperunt
1228 1481 1370 1587 Quibus

76 1619 316 1694 conventibus
343 1643 412 1693 uua
437 1617 593 1694 alterave
618 1627 750 1693 tantum
774 1618 854 1692 viee
872 1617 1016 1691 iteratis
1040 1590 1195 1692 morbus
1213 1625 1248 1691 et
1272 1638 1371 1721 mors¹

77 1749 257 1830 Schultzii
281 1751 443 1826 insecuta
468 1749 572 1824 finem
598 1750 766 1849 imposuit
798 1773 971 1848 spemque
996 1748 1268 1849 pulcherrimam
1292 1747 1370 1827 sru-

77 1893 194 1957 strata
220 1893 296 1959 est:
348 1908 398 1958 ex
430 1907 499 1982 quo
543 1895 703 1982 tempore
742 1883 846 1958 etiam
883 1881 1111 1957 Heinricbius
1149 1881 1266 1957 studia
1303 1906 1371 1959 sua

66 2016 279 2091 ‘intenuisit

178 2144 376 2224 Heinricbii
399 2146 540 2222 notulae
564 2146 708 2243 breves,
743 2156 783 2220 ut
806 2145 841 2220 in
868 2151 1029 2245 margine
1051 2145 1249 2222 edAdleri
1274 2149 1369 2223 scri-

78 2288 177 2379 ptae,
217 2281 341 2378 partim
368 2278 544 2378 dispersis
570 2278 750 2354 schedulis
788 2277 985 2378 mandatae,
1023 2280 1211 2375 maximam
1235 2290 1371 2379 partem

76 2436 150 2487 uon
174 2422 258 2486 sunt
281 2411 523 2511 spemeudue:
549 2413 745 2511 permultis
773 2435 864 2510 quae
890 2421 973 2486 suut
997 2413 1106 2487 rebus
1119 2415 1371 2513 grammaticis,

77 2544 203 2619 verbis
235 2543 464 2643 formulisque
490 2544 649 2619 discendi
687 2544 903 2620 illustrandis
941 2554 977 2619 et
1014 2545 1254 2644 expediendis,
1302 2571 1372 2622 uou

76 2690 150 2751 tam
176 2676 381 2776 explicatur,
421 2701 525 2775 quam
561 2677 734 2752 indicatur
769 2689 912 2775 tautum,
953 2687 989 2753 et
1025 2676 1071 2751 ad
1108 2679 1197 2752 alios
1224 2679 1373 2753 aliomm

77 2813 293 2908 scriptorum
319 2815 529 2909 interpretes
555 2811 802 2885 convertimur.
852 2810 1071 2909 Interpretes
1097 2811 1140 2885 ab
1167 2810 1371 2886 Heinricbio

78 2941 211 3015 allatim
238 2943 364 3018 allatos
389 2943 539 3019 libenter
564 2944 792 3041 evolvissem,
820 2952 859 3017 ut
882 2942 962 3018 inde
974 2943 1145 3019 Frontino
1166 2943 1371 3019 illustrando

76 3073 321 3169 consulerem3
348 3074 427 3185 sed¹
442 3076 606 3151 carebam
631 3075 732 3151 libris
757 3086 890 3155 tautum
913 3100 983 3150 nou
1009 3075 1181 3149 omnihus.
1233 3074 1371 3151 Emeu-

76 3206 255 3280 dationum
282 3208 450 3305 plurimae
475 3210 511 3282 iu
544 3210 703 3307 margine
741 3217 901 3285 enotatae
928 3206 1103 3285 Schultzii
1141 3217 1242 3281 sunt:
1283 3212 1374 3282 inter

76 3363 156 3435 eas,
190 3362 280 3437 quae
306 3339 350 3414 ab
377 3335 456 3440 ipso
481 3341 694 3444 Heimichio
715 3341 828 3416 laetae
854 3350 947 3438 sunt,
987 3340 1172 3415 uouuullae
1197 3350 1280 3413 sunt
1305 3365 1372 3441 op-

76 3476 195 3570 timae,
224 3474 376 3546 omnium
402 3464 521 3548 autem
546 3476 850 3571 praestantissima
876 3487 911 3548 et
923 3472 1113 3548 indubitata
1138 3478 1288 3548 veritate
1313 3479 1371 3548 iu-

76 3606 197 3705 siguis
235 3615 292 3699 est
329 3606 526 3681 emendatio
564 3607 787 3682 invidiam
817 3605 902 3682 Art.
927 3602 963 3681 5.
1013 3606 1109 3680 Fere
1149 3615 1263 3679 autem
1302 3605 1373 3701 loci

76 3763 217 3813 summa
250 3737 451 3814 difficultate
484 3720 645 3837 insignes
680 3739 818 3814 silentio
850 3739 1177 3836 praetermittuntur.
1226 3737 1373 3813 Notulis

78 3872 244 3947 omuibus
269 3872 430 3970 integris,
471 3881 510 3945 ut
535 3883 643 3967 eraut,
684 3871 809 3970 paucis
851 3876 1023 3969 exceptiS,
1063 3872 1181 3945 locum
1207 3875 1373 3945 concessi

79 4007 248 4102 iuxtaque
274 4029 373 4078 meas
400 4006 545 4102 inserui,
574 4010 654 4078 sive
681 4004 931 4078 couvenientes
957 4005 1036 4078 sive
1061 4029 1130 4079 nou
1156 4005 1373 4078 convenien-

79 4151 157 4232 tes3
210 4163 292 4212 uam
318 4149 356 4213 ut
388 4138 432 4214 ob
460 4138 594 4211 illarum
621 4138 771 4233 aliquam
797 4135 1056 4211 similitudinem
1080 4161 1180 4209 meas
1206 4135 1371 4234 delerem,

79 4270 164 4346 mibi
191 4270 409 4368 persuadere
435 4295 504 4345 uou
529 4276 638 4370 potui.
688 4269 824 4366 Pauca,
852 4293 942 4367 quae
955 4267 1184 4342 Heinricbius
1205 4269 1239 4339 iu
1264 4264 1386 4340 sobe-v

79 4401 175 4481 dulis
201 4429 247 4480 ex
261 4403 419 4479 Frontini
433 4404 522 4478 libro
549 4403 693 4504 carptim
720 4413 755 4479 et
779 4403 934 4478 obscure
959 4400 1133 4502 enotavit,
1154 4398 1205 4471 ad
1220 4408 1395 4495 temque,
