2888 4710
85 218 161 297 aad
501 214 943 295 ANNO'I'A'PIONES.

167 453 271 516 dederi
292 456 377 533 operi
397 470 497 514 noa-ae
517 469 600 531 erae.
623 450 707 524 ord.)
738 447 850 512 Contra
870 450 1010 511 librorum
1033 449 1162 511 omnium
1187 467 1353 512 eonsensum

86 568 179 649 Seia,
211 567 311 629 allatis
338 567 473 628 Frontini
502 566 637 644 Strateg.
664 566 763 628 Praei.
790 568 915 628 verbis:
950 564 1054 628 dadai
1079 563 1187 626 addae
1214 569 1354 627 institutae

84 685 217 746 erriitror
245 685 348 763 operi,
378 683 504 758 corrigit
532 680 638 744 deberi
658 700 782 764 operae.
824 679 934 759 Immo,
957 698 1022 742 oum
1044 681 1075 740 in
1101 682 1209 742 eadem
1231 680 1352 742 Frontini

83 798 213 860 Praefat.
230 786 371 877 respectu
391 796 473 856 iilius
496 797 556 857 looi
577 795 666 876 paulo
695 797 771 858 inira
794 797 925 859 dicatur:
958 793 1159 878 itinereque
1180 800 1303 876 ignoro,
1320 829 1352 842 -

83 934 181 975 reram
200 923 352 992 pasturam
372 916 541 993 scriptores
562 911 706 992 indagine
721 915 826 993 operis
856 915 905 974 sai
924 911 1005 972 iane
1027 929 1144 994 qnoque
1164 921 1352 994 partemesae

84 1027 273 1109 complexos,
300 1026 351 1087 iil'o
372 1026 440 1088 loco
463 1046 503 1087 ox
525 1027 614 1088 oodd.
637 1025 764 1089 Gudian.
786 1027 872 1091 Leid.
893 1044 958 1089 seo.
981 1031 1012 1088 et
1032 1025 1147 1089 meare.
1178 1043 1244 1090 seo.
1270 1029 1350 1090 resti-
1392 1098 1394 1121 i

84 1144 223 1204 tuendum
245 1160 315 1203 esse
338 1143 505 1203 contendo:
529 1141 635 1204 dederi
655 1141 757 1204 addae
780 1147 915 1205 instituto
933 1141 1067 1204 arbitror
1089 1145 1188 1223 operi.
1232 1142 1350 1206 Institu-
1391 1124 1394 1141 ⁴

81 1267 142 1319 tum
164 1275 240 1337 opus
261 1261 317 1334 est,
340 1258 419 1340 quod
441 1237 574 1319 scrihere
596 1258 739 1335 aggressi
760 1274 878 1336 sumus3
906 1261 938 1319 et
958 1261 1091 1318 nostrum
1112 1257 1211 1318 loounu
1232 1259 1279 1320 sio
1299 1276 1349 1321 ex·
1392 1234 1394 1241 Ι

81 1373 206 1455 pediosz
233 1389 327 1434 nreum
350 1391 438 1450 osse,
467 1372 552 1451 operi
574 1391 629 1433 seu
650 1370 766 1453 libello,
795 1375 906 1456 inquo
928 1373 1089 1434 scribendo
1111 1391 1284 1454 versamur,
1308 1372 1348 1435 nte
1392 1426 1394 1439 .

81 1488 215 1550 inserere
237 1505 335 1550 novao
358 1488 546 1566 erogationis
568 1487 795 1549 ordinationem.

163 1600 401 1684 ordinationem)
423 1603 492 1665 Art.
515 1606 590 1682 1123
614 1604 833 1666 ordinationem
854 1623 1000 1688 aquaram
1019 1602 1088 1665 Art.
1105 1607 1164 1665 92:
1187 1623 1286 1687 aanaa
1305 1625 1348 1667 or-

80 1717 199 1783 dinare.
220 1717 357 1782 HEINR.

162 1854 202 1896 ea
220 1833 379 1915 ponenda)
402 1831 621 1914 Interpretatur
639 1833 724 1898 Pol.:
747 1852 835 1913 „non
857 1853 928 1896 osso
950 1851 1002 1896 eas
1023 1852 1085 1913 res,
1108 1852 1185 1916 quae
1207 1836 1246 1898 ad
1266 1853 1346 1898 noras

81 1949 276 2025 erogationes
297 1949 462 2028 portinent,
491 1951 643 2029 ponendas
664 1951 695 2012 in
718 1951 866 2027 ordinem,
889 1951 948 2010 nisi
969 1966 1034 2011 oum
1055 1968 1106 2011 res
1125 1950 1213 2031 ipsae
1236 1954 1346 2014 ouuotae

81 2067 299 2125 consummatae
320 2066 532 2147 perfectaeque
555 2063 705 2127 tuerint.“
744 2064 893 2127 Ponenda
913 2064 1019 2126 Heinr.
1041 2065 1179 2145 explieat
1200 2065 1344 2144 „dicenda

81 2179 368 2258 comunemoranda“,
390 2197 563 2258 comparans
584 2180 653 2244 Am.
677 2182 714 2241 ti
736 2179 787 2241 fin.
808 2183 963 2262 posuimus
983 2179 1053 2244 nrt.
1074 2183 1112 2242 ii
1132 2199 1291 2263 ponamus·
1392 2170 1394 2205 ³

692 2382 743 2441 89.

163 2527 251 2617 Quid,
273 2528 369 2610 qaod)
407 2526 484 2613 Quid
511 2526 605 2588 dicam
633 2527 670 2588 de
701 2543 738 2587 eo
761 2527 851 2609 quod.
872 2526 989 2590 Duker.
1011 2528 1049 2589 ad
1069 2526 1151 2590 Flor.
1173 2531 1245 2589 298.
1276 2527 1344 2590 Dra-

79 2642 167 2704 kenh.
190 2643 227 2703 ad
248 2644 318 2705 Liv.
340 2647 391 2720 28,
413 2646 465 2721 41,
489 2648 538 2703 12.
560 2642 698 2704 HEINR.

160 2758 334 2841 Principis)
356 2757 487 2820 Traiani.
508 2757 577 2819 Art.
599 2760 639 2818 93
662 2761 741 2819 extr.
763 2756 903 2821 HEINR.

158 2875 326 2953 praesidiis
347 2893 386 2935 aa
406 2870 627 2954 voluptuarius)
654 2873 823 2955 presidiis,
850 2872 971 2949 usibus,
999 2872 1191 2936 utilitatibus.
1221 2871 1346 2947 Halata

76 2989 98 3049 i.
121 3006 149 3049 o.
176 2989 213 3049 ad
241 3006 340 3068 praes.
369 3005 405 3049 ao
430 2987 495 3049 voi.
523 2985 593 3052 Art.
614 2991 670 3051 23:
700 3007 778 3072 auae
796 2988 931 3072 padiiois
954 2993 1148 3072 priuatisque
1173 3008 1236 3051 non
1263 2989 1347 3052 suinae

78 3105 183 3167 asidas
210 3114 241 3166 et
266 3106 406 3180 annitiis,
439 3123 541 3166 veram
567 3107 658 3165 etiam
681 3103 891 3186 uoluptatibus
917 3104 1043 3184 suffieit.
1091 3104 1272 3167 Presidium
1296 3107 1347 3178 est,

78 3221 158 3301 quod
179 3239 235 3299 pro
257 3219 355 3281 salute
377 3222 408 3280 et
430 3216 557 3281 utilitate
578 3219 704 3280 alieuius
726 3219 941 3298 auxiliigratia
961 3219 1165 3299 praeponitur,
1186 3220 1230 3282 ait
1240 3220 1348 3282 Festus.

158 3335 231 3398 Nee
252 3339 340 3420 qaia)
363 3333 541 3411 inteiligas:
564 3334 652 3420 Quod
674 3336 791 3416 quidem
813 3334 857 3413 fit,
879 3353 937 3396 non
959 3336 1027 3416 quia
1049 3338 1107 3396 eto.

159 3449 232 3512 Nea
253 3455 325 3534 qaia
346 3447 425 3529 eto.)
462 3449 593 3511 Prorsus
619 3450 740 3526 integra
761 3452 810 3510 ost
834 3447 909 3510 iraeo
931 3451 1095 3529 soriptura:
1122 3452 1180 3512 sed
1203 3449 1351 3531 singulare

77 3563 216 3644 quiddam
242 3566 337 3627 verba
356 3565 467 3628 habent
493 3564 766 3626 aoonstruotione.
809 3562 912 3626 Oratio
935 3569 984 3627 est
1010 3567 1087 3626 enim
1107 3560 1351 3644 ’nasamonium

67 3697 142 3740 >oum
164 3697 310 3758 expressa
329 3699 390 3743 non
411 3683 452 3744 sit
472 3679 627 3761 apodosis.
652 3678 718 3742 Cio.
730 3677 783 3741 Or.
806 3698 833 3742 e.
852 3684 908 3742 10:
937 3699 997 3742 non
1019 3700 1077 3765 aaa
1100 3681 1288 3761 neptipeada
1305 3685 1352 3745 sit

75 3792 147 3855 tien
166 3793 219 3856 ibi.
239 3794 378 3857 HEINR.

158 3915 187 3972 si
214 3915 297 3993 patei
325 3916 455 3972 eatraoti
481 3910 593 3972 adiecti
619 3914 697 3984 sint)
732 3911 888 3991 Explica:
924 3910 958 3975 Si
988 3914 1133 3974 exuturoti
1164 3914 1227 3977 siut
1262 3915 1353 3995 putei,

76 4040 198 4107 quorum
221 4028 368 4088 caritates
391 4027 549 4106 oppositae
572 4026 632 4089 siut
652 4027 727 4088 rivis
748 4028 839 4106 ipsis3
866 4046 956 4109 quaro
977 4046 1033 4106 per
1054 4045 1105 4088 eas
1126 4027 1260 4090 relaxari
1279 4048 1354 4109 pos-

76 4142 115 4202 sit
135 4143 185 4202 vis
205 4141 298 4218 atris,
320 4159 358 4202 ne
380 4149 432 4202 atr
453 4141 612 4203 ooneiuaus
628 4143 727 4204 oursui
750 4161 843 4224 aquao
859 4142 1039 4205 adversetur
1056 4145 1086 4204 et
1107 4161 1167 4205 uon
1183 4145 1274 4207 mnodo
1292 4146 1354 4207 eius

25 4345 27 4350 Ι
76 4275 192 4316 cursum
214 4255 364 4335 retardet,
391 4258 603 4318 verumetiam
632 4276 695 4319 eam
717 4258 901 4336 exagitando
924 4263 956 4321 et
977 4260 1116 4337 eugendo
1144 4260 1293 4323 aduersus
1314 4261 1355 4322 ii-

75 4390 158 4433 moea
183 4372 349 4434 sedimento
376 4373 407 4435 ia
436 4370 537 4434 fondis
566 4373 697 4435 rivorum
728 4374 867 4454 deposita
894 4375 994 4441 turhot
1020 4377 1224 4468 inquiruntque.
1266 4375 1355 4440 non.
