2888 4710
73 188 125 265 2⁴
519 182 926 264 ruomulmbs

174 438 220 510 cit
243 434 492 534 longitudinem
518 420 842 532 passurum.
845 431 1048 527 CLXXII,
1075 455 1186 531 opere
1213 441 1349 509 arcuato

172 575 342 651 passuum
369 548 621 629 ccchvssl.

97 666 149 744 12
270 666 370 741 Idem
394 667 623 764 Augustus
614 693 648 740 m
673 667 951 764 supplementum
975 662 1154 761 Marciae,
1192 622 1346 761 quotiens

172 783 350 857 siccitates
378 794 524 880 egerent
549 784 688 875 auxilio,
717 783 818 856 aliam
843 806 969 878 aquam
995 778 1151 855 eiusdem
1189 779 1346 857 bonitatis

172 922 278 996 opere
299 899 527 973 subterraneo
548 898 845 997 madoribusque
865 896 909 972 ad
930 896 1136 973 Marciae
1109 920 1237 993 riuum,
1264 918 1357 993 quae.

171 1015 213 1089 ob
247 1014 428 1089 inventore
461 1015 653 1113 appellatur·
676 1013 859 1112 Augusta.
896 1013 1068 1088 Nascitur
1099 1011 1189 1086 ultra
1224 1011 1344 1091 tonan

168 1130 345 1205 Marciae:
385 1130 487 1204 euius
522 1131 667 1227 ductuS,
709 1129 820 1204 donec
851 1129 1010 1205 Marciae
1041 1127 1206 1224 accedat,
1249 1126 1350 1209 efficit

167 1232 489 1344 passus'DCCO.
1309 1304 1341 1315 ··
1386 1310 1388 1345 ι

94 1360 144 1435 13
266 1362 360 1435 Post
392 1362 457 1436 bos
490 1360 535 1440 C.
570 1359 729 1457 Caesar,
770 1362 827 1457 qui
862 1361 1006 1436 'liberio
1032 1359 1230 1455 successit,
1271 1382 1344 1434 cum

166 1502 287 1577 parum
315 1488 349 1551 et-
373 1478 522 1576 publicis
548 1478 672 1552 usibus
707 1486 742 1551 et
773 1478 919 1577 privatis
944 1477 1181 1575 voluptatibus
1213 1484 1357 1575 septen.

214 1762 336 1824 Ductor
357 1764 437 1834 cius)
459 1760 504 1823 V:
527 1760 636 1823 doctos
657 1768 714 1822 cot.
735 1759 831 1842 Effie.

215 1859 390 1933 CLXXII)
413 1859 443 1920 V
464 1860 504 1921 F:
527 1859 666 1923 CLXII.
687 1862 731 1922 B:
750 1857 897 1923 LXXII.

101 1978 132 2030 12
214 1967 338 2039 comant
356 1956 489 2038 666ἰί16)
511 1959 609 2020 Libri:
631 1969 772 2039 afferent,
800 1959 917 2021 auritio
945 1958 987 2022 ol.
1015 1962 1134 2037 praeter
1158 1958 1194 2037 J,
1230 1978 1272 2022 ex
1291 1978 1344 2043 qu

164 2056 233 2121 Pol.
255 2056 396 2134 vulgavit
416 2067 538 2138 ruerent
555 2077 627 2120 auu.
669 2057 742 2120 Sub.
766 2059 908 2134 corrigitt
931 2077 978 2141 qu.
999 2062 1057 2123 oie.
1078 2061 1238 2136 autument
1255 2062 1354 2121 6666·

166 2157 246 2219 burm
287 2157 356 2221 Ant
385 2161 515 2240 66616.
540 2165 696 2237 arcerent,
724 2177 796 2217 our.
823 2151 891 2218 ot?
932 2155 996 2219 Sed
1025 2156 1227 2218 emendationi
1249 2157 1343 2220 661166

170 2256 290 2318 videtur
311 2254 399 2316 locus
421 2272 504 2332 esse,
531 2275 619 2337 quum
647 2260 805 2322 siccitates
833 2265 920 2335 coeat
945 2256 1062 2317 auritio
1090 2255 1149 2317 dici
1170 2257 1272 2335 possit
1291 2274 1344 2337 pro

166 2372 263 2436 „aqua
283 2356 357 2429 eget
377 2353 491 2414 auxilio
517 2357 642 2434 propter
663 2354 850 2418 siccitates.“
881 2374 912 2418 v.
940 2354 977 2418 66
1005 2346 1073 2418 Art.
1101 2358 1153 2417 36.
1181 2354 1344 2417 romum

164 2451 284 2515 6661116
306 2470 395 2531 encre
422 2451 551 2528 legimur
574 2453 662 2513 etiam
683 2453 752 2517 Art.
776 2456 844 2516 119.
1319 2484 1322 2489 ·

213 2552 307 2613 alium
328 2549 461 2613 eiusdem
483 2545 567 2630 bon.)
590 2551 634 2612 lta
656 2552 749 2614 edidit
770 2552 838 2613 Pol.
856 2556 887 2613 ct
907 2550 1021 2628 degitur
1042 2552 1072 2614 in
1084 2552 1118 2630 F,
1140 2554 1168 2613 si
1190 2551 1267 2615 tides
1289 2556 1344 2617 eo.

164 2647 282 2714 Seoc:
302 2647 478 2711 66661666.
501 2646 542 2711 U:
564 2651 635 2713 otio.
657 2650 703 2712 V:
724 2670 825 2735 66666
845 2650 943 2714 etucd.
964 2651 984 2712 J
996 2655 1109 2714 etree:
1131 2652 1346 2736 abacorum

162 2747 935 2818 66666666.Αης66666166666-κ6166ι6
956 2770 1075 2834 aquam,
1098 2746 1346 2835 6666661661

163 2847 305 2912 Attamen
326 2846 400 2910 iliud
420 2851 646 2929 praeterendum
670 2851 798 2915 videtur.

100 2965 132 3018 13
199 2961 406 3046 Aquiliam
427 2966 552 3046 Aquilo.
574 2962 618 3026 U:
639 2966 775 3049 Aquilia.
797 2964 889 3028 Iidem
901 2962 992 3030 Coss.
1013 2965 1082 3029 Art.
1097 2968 1166 3028 102.
1190 2963 1241 3029 Cf.
1253 2964 1346 3045 ergo.

159 3062 244 3131 Anu.
266 3060 304 3123 T.
325 3060 379 3124 III.
400 3080 431 3142 p.
453 3067 523 3127 666.

212 3159 507 3236 DCCLXXXIX)
529 3161 682 3228 Almelov.
703 3163 759 3226 sub
780 3182 798 3223 6
817 3161 854 3225 U.
877 3166 946 3225 rol.
967 3164 996 3227 J.
1018 3163 1135 3242 Scalig.
1157 3165 1251 3229 An.
1241 3165 1346 3229 rubr.

164 3261 230 3325 seb.
251 3274 282 3340 p.
307 3264 375 3323 188.
398 3260 457 3321 661.
479 3265 509 3324 2.
530 3260 667 3325 HEINR.
691 3261 789 3326 Codd.
811 3266 843 3326 et
863 3262 937 3326 edd:
958 3262 1115 3326 DCCXC.

214 3358 304 3421 solta
324 3367 354 3421 et
376 3354 516 3439 Titiano)
537 3379 568 3422 v.
589 3358 717 3425 Anoott.

213 3456 401 3532 Decem)
443 3458 489 3520 lta
504 3457 570 3521 Pol.
593 3464 624 3523 et
643 3460 841 3542 posteriores.
882 3460 981 3522 Libri:
1002 3459 1169 3523 Docet!
1189 3464 1282 3541 (prot
1303 3496 1345 3509 -—

164 3555 247 3631 ΙΙΙ).
268 3557 315 3618 V:
335 3557 495 3623 Deum.
517 3557 675 3622 Praeterea
695 3559 715 3620 J
734 3562 765 3620 et
785 3573 852 3621 reo:
872 3552 1317 3640 Kolendaromrtaquctorum.

215 3675 293 3739 quae
313 3677 353 3718 ce
370 3654 466 3735 sont.)
489 3657 570 3722 bidd:
593 3657 684 3742 qaod.
726 3657 776 3721 Ad
805 3675 910 3721 nomen
937 3658 996 3720 hoe
1017 3661 1123 3720 reterri
1144 3676 1205 3721 uon
1225 3663 1343 3739 potest,

165 3773 221 3820 nec
248 3758 383 3836 tauquam
411 3756 583 3819 adverbium
611 3757 743 3835 assumi,
772 3775 836 3819 cum
864 3776 970 3819 nomen
997 3757 1142 3822 Claudiae
1167 3777 1186 3819 6
1210 3760 1348 3822 fontum

165 3852 314 3916 Caeruleo
338 3856 369 3916 61
391 3851 495 3916 Curtio
518 3874 577 3917 non
599 3856 778 3937 dependeat.
798 3855 886 3919 Por..
921 3857 1021 3946 Quod.
1043 3858 1137 3944 Quasi
1159 3860 1245 3921 esset
1265 3856 1348 3943 qood

164 3972 254 4034 opus.
297 3949 342 4014 At
361 3970 436 4013 vero
458 3972 535 4034 opas
556 3955 782 4036 comprehendit
802 3954 874 4018 illos
896 3955 975 4018 duos
997 3956 1121 4037 ductae,
1149 3959 1346 4039 quodmodo

165 4050 297 4129 dicebat,
320 4055 352 4113 et
371 4052 557 4132 pergendum
579 4058 659 4117 erat:
701 4055 803 4117 Alteri
832 4051 982 4136 (ductui),
1011 4061 1071 4138 qui.
1114 4055 1177 4118 Sed
1205 4056 1347 4119 ductibus

166 4151 316 4226 dimissio,
342 4168 441 4233 66666
462 4168 540 4211 6666
562 4154 695 4230 cogitat,
728 4158 759 4215 et
785 4155 948 4216 seeundum
980 4154 1039 4217 boc
1066 4157 1231 4233 cogitatum
1252 4159 1369 4227 mutat,

164 4250 431 4312 constructionem.
453 4249 589 4315 trulum.
612 4252 681 4314 Vct
693 4254 769 4317 eddr
790 4252 881 4336 qaod.
903 4251 1080 4318 Sebuerba
1102 4255 1346 4338 qaae—perdr-

166 4348 303 4416 cedmon.
331 4351 435 4430 spuria
461 4350 587 4432 iudicat,
623 4352 733 4435 quippo
764 4371 804 4414 ex
825 4351 893 4416 Art.
922 4353 1348 4420 14166661616.Β666;666
