2888 4710
420 191 493 269 llll
518 190 709 285 AQUAE
734 189 1018 273 buculcus.

71 426 136 522 qui
161 423 366 502 censuram
399 448 478 498 cum
504 425 551 498 L.
577 423 721 524 Papirio
747 424 911 503 Cursore
936 424 1064 523 gessit,
1095 423 1263 522 AnioniS,

71 541 135 639 qui
166 564 261 616 nunc
284 541 407 615 Vetus
439 539 576 635 dicitur,
625 564 752 638 aquam
784 538 1044 639 perducendam
1068 539 1103 612 in
1128 539 1265 616 Urbem

70 681 121 731 ex
146 656 322 732 manubiis
347 655 392 730 de
418 656 560 756 Pyrrho
586 658 698 755 captis
724 655 865 752 locavit,
908 654 977 754 Sp.
1003 654 1175 752 Carvilio,
1216 656 1263 729 L.

72 772 225 871 Papirio
250 771 363 850 Coss·
396 771 532 845 iterum.
581 770 675 846 Post
705 771 882 845 biennium
914 771 1040 846 deinde
1065 783 1182 845 actum
1208 781 1265 845 est

70 889 108 961 in
134 885 277 966 Senatu
302 887 347 961 de
370 886 648 962 consummando
676 889 754 960 eius
779 908 893 989 aquae
926 911 1053 985 opere3
1094 886 1263 984 frequen-

70 1002 169 1077 tibus
195 1013 313 1077 autem
332 1002 574 1078 Romanorum
594 1001 698 1079 bellis
722 1002 986 1101 praetermisso,
1015 1000 1154 1075 demum
1179 1010 1263 1099 post

70 1142 204 1192 nonum
230 1142 358 1193 annum
383 1142 509 1194 rursus
529 1118 701 1194 Minutius
720 1118 873 1191 Praetor
892 1142 968 1190 rern
989 1117 1115 1191 retulit.
1167 1117 1263 1192 'run

73 1258 122 1309 ex
174 1231 334 1310 Senatus
386 1236 548 1310 consulto
602 1233 791 1309 Duumviri
849 1255 962 1329 aquae
1019 1233 1266 1331 perducendae

71 1350 183 1423 creati
207 1352 301 1447 sunt,
329 1349 476 1448 Curius,
504 1351 563 1450 qui
589 1374 668 1423 eam
692 1350 883 1444 locaverat,
911 1359 947 1421 et
972 1348 1124 1421 Fulvius
1150 1349 1263 1422 Viac-

71 1488 150 1539 cus.
208 1463 345 1542 Curius
378 1467 468 1539 intra
502 1467 657 1563 quintum
689 1463 792 1562 diem,
840 1487 945 1561 quam
978 1473 1055 1537 erat
1086 1464 1265 1539 Duumvir

72 1590 229 1678 creatuS,
255 1580 432 1655 decessit:
472 1582 587 1679 gloria
611 1580 803 1680 perductae
827 1579 992 1678 pertinuit
1015 1578 1062 1651 ad
1086 1579 1264 1653 Fulvium.

70 1694 283 1795 Concipitur
306 1697 405 1772 Anio
432 1697 552 1772 Vetus
585 1720 695 1796 supra
720 1695 833 1772 'libus
856 1694 937 1770 XX
970 1694 1132 1768 milliario
1163 1705 1265 1769 extra

71 1823 210 1910 portam
241 1814 428 1909 Baranam,
475 1813 536 1889 ubi
572 1823 707 1911 partem
744 1811 803 1885 dat
838 1813 872 1884 in
913 1810 1111 1883 'l'iburtuim
1148 1834 1264 1886 usum

73 1928 219 2004 Ductus
245 1929 326 2026 ejus
351 1929 457 2006 babet
480 1927 743 2028 longitudinem,
782 1929 830 2001 ita
855 1928 1021 2026 exigente
1046 1927 1264 2023 libramento,

112 2195 325 2280 frequentibus
346 2203 446 2260 autern
467 2191 545 2277 etc.)
567 2213 601 2257 v.
622 2193 749 2257 Annott.

88 2292 564 2372 ‘westmonster
586 2289 650 2375 (Gt
672 2290 748 2375 ium]
776 2299 995 2357 esc-...tus
1098 2291 1174 2355 ulto.
1216 2291 1265 2359 Vt

80 2396 196 2458 Teates
215 2414 257 2457 ec
275 2394 313 2457 S.
356 2396 442 2484 Quae
464 2395 585 2472 desunt,
607 2392 638 2455 V
658 2396 691 2456 et
711 2393 782 2454 edd.
805 2392 939 2474 explent.

116 2512 221 2576 uprrce
238 2492 348 2575 perd.)
391 2492 422 2555 V
441 2492 485 2559 V:
506 2511 617 2576 uquam
635 2492 851 2574 perducentes.

60 2596 63 2600 '
116 2596 218 2654 creati
236 2601 309 2654 strat
326 2595 404 2664 etc.)
446 2590 478 2654 V
499 2595 532 2655 ct
551 2591 628 2657 eddt
650 2594 765 2668 usati,
794 2592 906 2654 Curius
932 2597 966 2653 et
982 2590 1112 2654 Fulvius
1131 2590 1268 2654 Flaccus

72 2690 269 2753 tumuerunt.
307 2690 372 2754 Sed
394 2688 421 2754 G
442 2689 487 2754 U:
509 2693 608 2752 creati
623 2697 696 2752 suat
706 2690 818 2752 Curius
840 2686 904 2771 [Gt
927 2687 1018 2771 Curi)
1043 2733 1053 2750 .
1077 2732 1087 2750 .
1110 2731 1121 2750 .
1143 2731 1154 2750 .
1174 2692 1266 2753 luca-

73 2799 169 2852 verat
193 2798 227 2853 et
254 2789 347 2852 Fato.
375 2789 468 2852 Flac.
497 2789 690 2872 damnumque
717 2789 814 2870 probe
840 2791 993 2869 reparavit
1012 2788 1080 2851 Pol.
1107 2790 1267 2853 vocabulis

76 2892 132 2973 pra·
151 2907 230 2951 eum.
250 2922 293 2934 -
313 2889 479 2960 Duumvir)
502 2885 547 2952 c:
569 2888 778 2950 Duumvirum.

117 2987 292 3060 Baranam)
335 2987 390 3051 Sic
411 2986 486 3051 Sclr.
512 2985 676 3051 Varianam
696 2987 759 3049 l'ca
777 2986 943 3049 ad-Horat.
985 2985 1091 3067 llpist'
1106 2985 1131 3049 1.
1154 2991 1208 3067 11,
1236 2996 1267 3052 3.

76 3083 243 3169 (sartum.-
273 3085 410 3148 Wcssel.
426 3087 465 3148 ad
475 3085 546 3149 lun.
556 3105 589 3165 p.
604 3089 661 3149 m
674 3088 705 3148 ct
718 3082 804 3169 tlt.)
832 3084 963 3151 Carolus
984 3105 1067 3149 meus
1083 3088 1267 3152 Arretinum.

74 3184 145 3247 ltln.
158 3205 192 3265 p,
202 3188 273 3247 285.
286 3187 318 3246 et
329 3185 371 3246 ibi
382 3183 518 3249 Wesscl.
528 3184 666 3248 HEINR.
683 3181 761 3251 GU:
774 3184 899 3248 uua..
911 3186 1141 3249 aauvucuu:
1157 3186 1267 3249 Raru-

75 3303 159 3344 aunr.
202 3282 305 3350 Parlst
327 3283 506 3360 Romanum,
528 3287 562 3345 ut
582 3282 712 3362 legimus
734 3286 823 3346 etiam
843 3285 923 3365 apud
942 3286 1067 3348 Nardin.
1088 3287 1176 3349 Rom.
1192 3285 1266 3349 Ant

76 3380 165 3444 Vlll.
194 3385 226 3443 4.
253 3384 286 3443 et
311 3381 410 3463 Rapb.
442 3381 634 3445 Volaterrau.
677 3381 793 3460 Gcogr.
814 3383 870 3446 Vl.
890 3384 947 3446 iol.
968 3388 1018 3447 54.
1039 3385 1077 3447 B.
1100 3385 1149 3447 ed.
1171 3385 1267 3447 Paris.

79 3484 172 3544 1526.
194 3481 370 3562 recepitque
392 3482 423 3542 ln
443 3482 527 3543 urbis
549 3481 754 3561 descriptione
774 3481 912 3545 lsrrcber.
943 3482 1010 3544 Lat.
1038 3483 1111 3546 Vct.
1133 3487 1164 3548 ct
1183 3485 1265 3548 Nou.

75 3582 114 3641 ad
137 3598 168 3659 p.
192 3583 262 3642 126.
306 3576 434 3643 Corrad.
462 3581 591 3657 corrigit
617 3580 798 3661 Reatinum,
827 3584 859 3644 et
878 3582 924 3643 sic
946 3583 1043 3645 edidit
1061 3581 1170 3646 Adler.
1199 3570 1266 3648 'ln-

74 3679 186 3741 bcntcr
206 3680 332 3741 secutus
353 3698 418 3741 sum
440 3676 527 3757 sua,
551 3679 637 3742 cuius
658 3679 731 3757 lcgc
753 3681 906 3760 disputata
924 3678 965 3741 ll.
986 3683 1016 3742 4.

119 3776 172 3838 udi
199 3785 321 3860 purtem
352 3776 409 3839 dat
434 3781 466 3838 iu
494 3778 560 3840 Tib.
586 3773 699 3858 usum)
742 3776 796 3840 Sic
823 3779 860 3840 dc
886 3797 942 3841 suo
965 3780 1061 3843 edidit
1083 3780 1150 3843 Pol.
1173 3780 1265 3849 011:

76 3875 130 3937 ubr‘
154 3884 275 3958 partem
450 3879 481 3938 ts
512 3875 579 3938 Tit.
606 3896 674 3938 usu.
726 3875 757 3938 V
776 3876 818 3940 l't
861 3877 913 3939 udi
929 3882 1043 3960 partim
1068 3884 1100 3942 ia
1124 3880 1266 3961 tyburti.

77 3995 147 4037 sum
168 3995 264 4037 usum.
286 3974 383 4038 Paris.
408 3974 428 4037 J
449 3977 481 4038 et
501 3990 570 4043 rect
597 3974 649 4039 ubi
666 3979 780 4058 partim
800 3979 832 4038 irc
855 3976 1046 4058 tuoruum
1077 3978 1268 4042 distribuitur

78 4094 177 4137 usum.
220 4073 294 4138 Scb.
316 4075 474 4138 substituit
491 4072 607 4158 perdit.
655 4074 814 4137 Praestare
840 4075 946 4138 Polcnl
973 4096 1091 4140 causum
1118 4079 1268 4142 evincitur

78 4190 121 4235 cx
141 4171 211 4236 nrt
232 4177 289 4237 21:
309 4182 430 4256 purtem
450 4171 509 4236 dut
525 4177 557 4236 tn
576 4191 711 4257 specum.
733 4173 866 4236 l'ormarn
882 4176 1045 4240 Tiburtium
1067 4173 1105 4258 (i.
1128 4196 1156 4239 e.
1178 4179 1266 4240 inco-

80 4273 175 4334 larum
196 4269 298 4355 urbis)
321 4274 445 4334 servant
466 4271 492 4337 (l
513 4270 542 4336 U
562 4274 650 4336 etiarn
671 4271 741 4335 Arta
762 4277 813 4336 66.
835 4274 886 4336 ubi
907 4277 971 4356 pari
993 4276 1081 4337 modo
1103 4275 1181 4338 Vct
1197 4277 1265 4338 edd.

84 4371 281 4437 Tiburtinum·
304 4369 354 4439 Ct'.
364 4370 527 4436 Voruclliu.
548 4373 807 4439 16616168.-
822 4377 977 4456 ectpeute)
994 4374 1072 4440 Vl't
1088 4377 1265 4455 ediscenti.

1313 190 1364 266 13
