2888 4710
500 198 939 281 ANNorn'elonus.
1287 204 1362 281 157

79 438 183 521 pteris
196 432 375 522 perductae.
402 438 442 503 itt
461 438 507 499 stc
527 454 648 518 semper
667 435 810 517 loquitur.
836 434 964 499 Scilicet
984 432 1110 497 tormnin
1130 440 1160 501 in
1181 436 1237 503 inse
1258 459 1292 504 re
1313 448 1361 506 est

80 556 222 637 propris,
243 573 319 637 quae
335 554 412 616 odeo
429 552 575 631 involuit,
598 555 630 614 ut
650 549 719 613 Art.
738 555 777 613 18
797 550 937 615 obsolute
958 552 1074 613 dicutur
1092 554 1278 635 perducere,
1300 578 1359 623 non

80 673 185 735 addite
209 671 366 752 „aquem“‚
387 672 429 732 ¹tn
450 668 516 733 inis:
545 667 611 731 Sed
633 677 754 730 veteres
777 666 937 729 innidere
962 665 1119 731 directcrs
1142 672 1359 753 perducerem.

80 786 205 850 ltcserit
231 790 328 848 tumen
356 788 459 847 noster
480 782 555 847 isne
578 781 822 845 consuetudinem
844 780 914 843 Art.
931 784 961 843 8.
988 781 1039 842 unt
1060 784 1184 849 scribit:
1213 790 1362 855 comm

79 936 121 947 -
142 920 253 986 sperem
273 933 315 945 -
336 920 376 963 ec
395 919 471 982 apro
493 899 667 975 beesthso
688 932 729 944 —-
749 897 875 961 lionam
895 905 928 961 et
946 899 977 959 is
997 897 1181 981 Capitolium
1201 904 1362 969 adducen-

71 1019 154 1081 -donn
182 1018 369 1080 iocoeerust.
412 1016 515 1100 Atque
546 1014 641 1077 altero
672 1013 742 1077 ioco
770 1013 930 1076 Frontinus
958 1015 1050 1075 utitur
1077 1016 1170 1078 vcrho
1199 1018 1362 1101 deducere,

79 1135 151 1198 Art.
167 1139 222 1199 iti:
242 1132 360 1196 duticrs
381 1131 559 1195 dodwerat.
580 1131 634 1193 sed
655 1129 755 1193 stetim
771 1129 896 1209 pergit:
923 1126 1072 1209 Virpisem
1093 1149 1210 1215 proque
1229 1168 1272 1179 -
1292 1137 1362 1200 Bo-

78 1236 160 1313 m
184 1249 340 1333 perducit.
382 1244 441 1310 Vei
469 1252 509 1309 cx
530 1246 578 1307 inis
599 1244 746 1323 colligere
768 1248 833 1323 est,
862 1247 894 1306 et
912 1243 1083 1324 perducere
1104 1252 1135 1309 et
1155 1249 1312 1316 adducere
1332 1259 1363 1316 et

79 1364 236 1429 deducere
256 1363 377 1428 esndem
398 1363 554 1425 admittere
575 1360 845 1440 significationem:
872 1358 952 1442 quod
976 1359 1105 1439 ipsorum
1126 1365 1284 1427 vorborum
1307 1387 1364 1430 eo-

78 1482 219 1561 gnttione
237 1479 435 1543 confirmetur.
466 1478 558 1567 Quid
579 1479 620 1539 sit
640 1477 812 1554 adducere,
835 1473 989 1556 explicere
1012 1493 1070 1537 non
1094 1482 1141 1539 est
1162 1498 1249 1559 opus.
1291 1485 1363 1547 De.

79 1598 194 1661 ducere
221 1600 270 1659 est
297 1595 407 1656 ducere
434 1594 472 1656 do
500 1593 569 1655 ioco
598 1591 773 1671 inlocum,
799 1592 922 1654 notione
943 1592 1019 1653 setis
1038 1593 1178 1672 vulgate,
1199 1616 1284 1680 quum
1307 1602 1363 1662 ism

80 1713 242 1790 attigimus
263 1710 300 1771 sd
320 1711 390 1774 nrt
407 1716 440 1773 5.-
463 1709 574 1772 uiride
595 1707 785 1771 deverticulo
808 1707 937 1785 egimus.
980 1704 1031 1769 Gi.
1052 1706 1122 1771 Art.
1142 1713 1196 1773 19:
1225 1730 1305 1795 puae
1323 1749 1363 1761 -

79 1828 126 1891 od
160 1827 334 1890 i'innisatern
363 1846 458 1909 respue
482 1834 603 1907 portem
625 1823 797 1886 deveniunt.
839 1822 977 1904 Denique
999 1823 1093 1884 verbo
1113 1825 1304 1909 perducere,
1334 1838 1366 1894 et

79 1943 223 2023 imprimis
250 1960 391 2024 praepos.
417 1961 494 2025 per,
523 1941 712 2019 significatur
737 1942 802 2001 totu
826 1939 897 2017 vie,
925 1957 980 2018 per
1006 1956 1090 2018 quom
1114 1940 1231 2003 ducitur
1251 1961 1366 2025 equus

79 2059 183 2140 enpitc
211 2074 305 2138 usque
331 2058 362 2120 in
384 2058 504 2138 urbem,
534 2060 663 2138 apteque
684 2056 813 2117 vertitur
835 2050 1044 2133 „inerleiten“.
1086 2054 1271 2135 Exponenda
1291 2057 1367 2121 truce

78 2173 471 2253 breuissimeexistimsri,
493 2190 531 2235 ne
553 2190 571 2234 n
592 2170 749 2238 Schuitnie
771 2168 842 2231 vlt.
859 2173 880 2230 e
900 2172 1092 2231 transversus
1113 2171 1224 2248 egeris.

164 2290 257 2372 step..
273 2296 373 2362 adem
399 2287 489 2359 Rom.
517 2289 600 2362 ote.)
626 2284 693 2350 Pol.
714 2282 819 2347 retulit
839 2302 880 2345 ox
901 2282 945 2348 G:
973 2303 1077 2367 opere.
1100 2287 1212 2367 irefest
1232 2332 1365 2353 .....

80 2410 204 2471 socurm‘
222 2440 392 2469 ......
418 2412 555 2485 praetor.
598 2400 660 2464 Set
682 2418 744 2477 ego
773 2403 892 2463 socumi
916 2419 952 2463 sn
973 2404 1089 2463 sororm'
1110 2403 1167 2480 sit,
1197 2404 1368 2469 discerncre

82 2539 143 2586 non
162 2537 301 2602 possum3
323 2519 410 2581 etium
427 2519 465 2581 dc
482 2521 523 2580 rni
540 2536 600 2579 non
618 2519 752 2593 constet,
773 2536 861 2597 quum
878 2518 1017 2598 quattuor
1033 2517 1141 2579 duetus
1157 2522 1267 2581 tuntum
1285 2521 1370 2583 iuxta

83 2637 177 2719 positi
199 2636 273 2711 sint,
301 2633 457 2695 deficiente
479 2637 601 2715 puncto.
643 2631 749 2714 Neque
776 2631 863 2693 etlam
888 2640 1016 2713 praetor
1043 2631 1153 2710 rideo,
1182 2630 1237 2694 sed
1267 2636 1370 2713 potius

82 2756 273 2837 praetorium
293 2768 348 2826 ee,
373 2749 403 2811 in
424 2767 483 2832 quc
505 2752 657 2831 postrema
677 2752 738 2811 iuss
757 2766 798 2809 ee
816 2749 889 2809 sunt
908 2764 964 2827 pro
986 2756 1046 2808 terr
1066 2766 1123 2824 ee,
1147 2749 1185 2809 nd
1207 2767 1272 2831 seq.
1294 2768 1369 2812 sen-

86 2870 209 2932 tentium
229 2864 420 2946 pennense.
464 2863 507 2928 U:
537 2883 632 2947 opere
659 2863 774 2943 irefest
798 2903 1129 2927 ...........
1156 2872 1231 2945 tum,
1257 2867 1288 2928 in
1310 2886 1368 2948 quo

84 2996 147 3046 trem
167 2983 205 3044 sd
226 2998 292 3065 seq.
313 2981 490 3043 sententium
511 2978 651 3061 pertinet.
694 2978 741 3040 V:
766 2994 859 3061 opere
879 3018 1079 3043 ........
1100 2997 1208 3043 sonem
1228 3024 1369 3045 ......

84 3106 215 3183 praetor
235 3138 405 3159 ......
445 3096 558 3159 Testes
578 3114 627 3157 ee.
669 3091 745 3155 sm.
767 3096 912 3157 annotet:
934 3090 993 3171 „G.
1014 3093 1194 3156 Lcutsoinius
1214 3099 1370 3173 egregium

86 3232 201 3275 meeum
229 3212 458 3274 communicavit
482 3208 702 3291 suspicionem,
730 3209 862 3271 treunam
892 3210 1008 3271 codicis
1030 3208 1057 3273 Ο
1083 3208 1124 3271 ito
1145 3228 1216 3271 esso
1237 3212 1370 3290 expien-

71 3331 170 3392 ¹(iamt
207 3343 319 3409 opere,·
345 3330 380 3399 is,
403 3328 560 3409 repentine
588 3344 655 3386 essm
679 3322 893 3388 Sarsinotiiss
918 3324 998 3387 tietdo
1024 3328 1253 3407 praetermisso.
1300 3328 1372 3389 Tum

86 3447 170 3508 etei-⁴
198 3438 304 3523 (tinne
320 3443 351 3505 in
368 3444 484 3504 motum
502 3440 554 3504 iiie
569 3441 686 3522 quidem
704 3439 879 3520 explevisse
895 3439 1017 3503 videtur
1032 3457 1074 3501 ex
1090 3439 1189 3501 Fastis
1199 3439 1371 3521 Triumpin)

68 3560 211 3649 -„Qusm
237 3559 438 3619 coniecturum
468 3557 586 3618 omnine
614 3556 729 3638 preb03
758 3557 860 3617 verius
887 3557 984 3617 umen
1011 3554 1129 3618 iudico:
1158 3558 1190 3616 is
1214 3560 1371 3638 repentino

87 3696 155 3738 curn
178 3674 302 3734 italicis
323 3671 404 3734 teilo
424 3675 640 3753 praetermisso
646 3691 662 3749 ,⁰
681 3673 843 3751 propterea
863 3671 943 3753 quod
964 3669 1121 3732 Frontinus
1141 3669 1212 3733 nrt.
1228 3676 1268 3732 18
1290 3670 1373 3735 dello

86 3800 198 3853 eostre
218 3788 612 3850 italicos-commemoret“.
654 3783 888 3864 egregiarum
910 3787 942 3847 et
963 3786 1040 3847 omni
1062 3784 1149 3847 iente
1170 3785 1270 3861 digne.
1303 3786 1372 3849 Non

87 3905 214 3967 mineris
233 3902 424 3982 auctoritatis
444 3901 524 3962 toret
544 3903 699 3981 reparandi
720 3918 820 3979 genus
841 3897 918 3963 inec:
938 3899 1148 3983 frequentibus
1169 3899 1374 3964 Romanorum

87 4020 432 4100 octus-.preerermteeo.
474 4013 599 4078 Corruit.
621 4014 720 4078 iocum
742 4016 772 4077 in
794 4015 887 4091 longe
909 4013 994 4076 aiinm
1016 4016 1192 4077 sententium
1214 4017 1372 4078 restituere

68 4138 219 4197 -couatus
234 4136 308 4212 est‚.
322 4132 475 4215 tegendoz
496 4150 590 4213 opere
595 4149 611 4208 ‚·
632 4134 696 4193 iere
708 4132 931 4214 frequentes-is
945 4147 1049 4193 vocem
1066 4129 1236 4195 Praetoris.
1277 4130 1375 4192 Prec-

68 4256 140 4320 2tor
161 4249 410 4344 enim-prieurs,
436 4246 610 4326 adiicitpin
631 4246 745 4310 Senatu
767 4244 865 4307 loeun
887 4245 1016 4308 habebnt
1036 4247 1069 4309 et
1089 4245 1264 4308 sententium
1287 4243 1373 4306 diee-

90 4365 153 4429 bet.
196 4365 299 4446 Atque
327 4363 369 4425 ite
394 4362 491 4425 edidit
513 4361 621 4424 Adler.
665 4362 776 4424 Verum
798 4362 980 4441 accipiemus
1002 4361 1090 4423 etism
1112 4360 1183 4420 edd.
1205 4357 1372 4421 lectionem.
