2888 4710
488 176 930 259 ammoneremus.
1276 179 1351 254 231

73 410 311 491 perscribendae
329 413 601 492 praeponebantur.
621 433 654 492 v.
678 411 745 478 ere.
766 412 846 479 Pbil.
866 413 892 476 1.
917 419 965 480 lo.
988 412 1123 476 Gronov.
1145 411 1236 475 0bss.
1255 413 1310 478 IV.
1328 419 1356 478 l.

75 525 187 605 Sigon.
209 527 365 590 deludio
386 526 426 589 II.
446 531 496 590 21.
520 530 570 590 ubi
592 517 674 607 legis
695 528 846 592 Serviliae
868 532 971 593 exstat
990 530 1199 609 fragmentum.
1241 529 1357 592 Laudat
1386 577 1388 580 .

75 640 177 704 lucum
196 646 330 706 uestrum
348 643 497 706 ForeelIin
519 646 550 705 iu·
569 665 599 707 u.
620 665 748 726 rupere.
784 681 786 685 ·

160 761 194 819 irs
211 759 284 838 soro
303 778 360 841 pro
373 764 483 822 rostris
495 764 569 834 etc.)
592 760 703 824 bocum
726 779 796 831 esse
817 762 1095 840 mendosissimum.
1107 761 1136 820 in
1153 779 1211 842 que
1228 764 1359 823 monstra

78 858 244 933 verborum
261 873 357 952 vulgo
385 877 534 956 terantur,
564 881 724 959 queruntur
749 879 809 939 uiri
838 867 928 940 duod.
982 874 1140 954 Aegrotas
1170 880 1252 939 certe
1273 875 1360 938 Iocus

80 992 149 1082 est,
177 989 231 1051 sed
253 991 306 1071 qui
333 1010 372 1053 ex
393 992 521 1072 antiquis
547 993 633 1055 codd.
662 992 743 1054 facili
771 993 897 1070 negotio
924 993 1024 1072 persii
1054 993 1164 1054 sanari.
1207 991 1362 1054 Verbeia

76 1105 155 1184 foro
171 1123 230 1187 pro
252 1107 368 1168 restris
385 1104 541 1188 (Gronov.
560 1106 707 1189 rostrele]
728 1127 814 1171 nemu
836 1108 1000 1188 impugnat.
1043 1107 1106 1169 Sed
1127 1108 1284 1189 sequentia
1305 1127 1360 1168 suo

80 1223 211 1302 quisque
231 1221 353 1299 iugenio
376 1242 416 1284 ex
439 1223 538 1299 legum
561 1240 642 1285 more
665 1225 838 1303 consiltuit3
860 1242 981 1304 quorum
1003 1222 1167 1285 Pithoeus:
1194 1224 1364 1286 antediem

76 1336 164 1417 prid.
186 1337 316 1401 tuddul.
357 1339 547 1404 Brissonius:
570 1341 609 1402 A.
632 1342 677 1403 D.
699 1340 738 1401 Ρ.
762 1341 799 1411 (i.
822 1357 851 1401 e.
873 1348 944 1407 aute
967 1339 1046 1402 diem
1064 1340 1185 1421 pridie)
1208 1339 1248 1402 Il.
1269 1339 1310 1402 R.
1327 1340 1363 1401 J.

80 1451 224 1530 Scaliger
248 1454 286 1515 ad
314 1455 432 1517 I'estum
454 1475 487 1534 p.
511 1459 585 1518 lllt
612 1475 642 1517 a.
667 1455 698 1518 d.
720 1455 878 1521 111111.
910 1455 1013 1517 Eirlus
1031 1455 1149 1517 dulice.
1192 1454 1366 1517 Gronovius

79 1567 175 1630 obss.
197 1569 252 1630 IV.
277 1575 311 1633 1:
344 1590 375 1634 u.
397 1570 429 1631 d.
448 1591 497 1653 pr.
521 1569 561 1631 K.
582 1571 616 1632 «I.
639 1572 780 1650 ambigue
801 1573 1032 1650 interpretatus:
1059 1579 1130 1632 aute
1158 1570 1237 1633 dlem
1263 1571 1368 1652 pridie

81 1684 152 1745 sire
174 1683 336 1748 Kalendas
356 1688 422 1748 sive
443 1687 565 1750 deuios.
587 1687 654 1750 Pel.
677 1688 790 1751 edidit:
813 1686 902 1750 cedis
922 1688 1001 1748 Diei
1020 1686 1101 1749 dolii
1121 1685 1366 1749 Α.1).Ρ......

80 1799 209 1877 dulim
237 1804 409 1882 suspicatus
437 1807 532 1864 tanuen
562 1808 626 1864 estc
657 1805 697 1864 A.
719 1806 764 1867 D.
786 1802 825 1864 Ρ.
848 1802 888 1866 Is.
919 1800 955 1883 [i.
979 1821 1006 1865 e.
1034 1799 1214 1884 Kalendae]
1248 1801 1368 1878 duliae,

75 1919 118 1978 et
139 1917 185 1977 sic
206 1916 272 1994 legi
293 1917 400 1979 volunt
421 1915 544 1983 (burred.
568 1923 598 1981 et
620 1918 692 1982 Scir.
709 1918 902 1981 Heinricbius
923 1920 1017 1981 verba
1039 1919 1135 1980 omnia
1153 1917 1369 1981 aedis-Julius

84 2034 176 2094 uncis
194 2032 328 2125 inclusit.
370 2016 497 2095 Primum
526 2037 713 2113 integritatis
741 2034 900 2097 verborum
921 2038 952 2097 ier
971 2036 1044 2116 soro
1065 2055 1125 2118 pro
1147 2038 1258 2097 rostris
1279 2034 1368 2097 aedis

84 2147 166 2214 Divi
185 2148 278 2225 dolii,
308 2167 384 2230 quae
406 2152 533 2211 onmium
556 2151 698 2212 librorum
720 2150 896 2214 auctoritate
919 2151 1064 2228 gaudent,
1087 2150 1220 2226 diligens
1242 2154 1274 2214 et
1294 2150 1370 2211 reli-

86 2265 196 2343 giosus
218 2265 336 2326 exstitit
356 2268 499 2344 patronus
520 2266 601 2343 1¹01..
624 2284 795 2346 provocans
817 2267 855 2329 ad
876 2265 1003 2330 Sueten.
1023 2265 1109 2343 Aug.
1135 2272 1193 2329 loe
1214 2268 1373 2347 Augustus

88 2380 234 2462 ltfaricm
261 2380 407 2442 modulus
436 2390 498 2457 est,
524 2401 583 2464 pro
610 2381 690 2444 cede
710 2383 789 2444 Divi
808 2383 889 2444 dolii
915 2402 936 2444 u
961 2382 1098 2461 Tiberio,
1128 2391 1158 2445 et
1183 2386 1374 2465 prorostris

87 2497 243 2561 veteribus
264 2515 286 2559 a
300 2498 435 2573 Druso),
459 2499 489 2556 et
510 2497 547 2557 ad
569 2498 660 2560 Ilion.
676 2497 757 2560 LVI.
800 2496 929 2562 Scilicet
950 2498 1174 2574 distinguuntur
1193 2500 1292 2559 rostra
1313 2516 1373 2557 ve-

91 2616 159 2675 tera
179 2616 211 2674 et
230 2612 311 2674 Iulia
332 2614 400 2674 sive
422 2632 519 2691 nura,
548 2611 622 2674 lieet
650 2615 762 2675 fuerint
792 2613 926 2674 eiusdem
953 2613 1024 2674 fori.
1067 2612 1147 2675 Olim
1174 2613 1248 2674 enim
1276 2617 1375 2674 rostra

89 2730 421 2804 ermemmarus,
450 2747 546 2808 prope
568 2730 667 2791 iuncta
688 2731 789 2791 curiae
809 2728 976 2808 Hostiliae3
1004 2732 1114 2808 postea
1144 2745 1163 2788 a
1189 2728 1218 2789 J.
1242 2726 1374 2792 Caesare

91 2844 326 2908 translata-suut
354 2848 383 2906 in
410 2844 499 2906 alium
530 2845 627 2906 Iocum
649 2844 781 2906 ciusdem
804 2845 880 2921 iori,
907 2847 976 2906 ante
1004 2846 1108 2907 aedem
1135 2843 1211 2905 Divi
1236 2843 1320 2907 Julii.
1343 2865 1375 2904 r.

89 2959 210 3023 Ascon.
231 2961 306 3024 Ped.
335 2963 373 3023 ad
395 2960 461 3025 Cic.
482 2959 590 3023 Milon.
613 2965 643 3023 5.
667 2963 698 3024 et
717 2960 779 3023 Ilio
801 2959 913 3024 XLIII.
936 2964 976 3022 19
997 2962 1098 3042 iquue
1119 2959 1284 3022 Fabricius.
1328 2957 1378 3022 (ii.

90 3076 169 3140 Scb.
191 3075 260 3139 VII.
283 3080 333 3138 19.
376 3075 474 3157 Igitur
496 3082 599 3139 nostro
622 3077 691 3139 loco
714 3074 828 3140 Consul
850 3077 952 3156 Iegem
973 3077 1096 3154 rogarit
1115 3075 1299 3156 prorostris
1318 3093 1377 3135 uo-

91 3195 156 3273 uis,
179 3211 253 3276 quae
277 3197 360 3274 erant
380 3197 449 3255 ente
471 3192 573 3255 aedom
595 3193 669 3255 Divi
689 3192 774 3254 Iulii.
801 3192 850 3255 Dc
871 3213 930 3276 pro
952 3196 1064 3256 rostris
1085 3190 1225 3254 consulas
1241 3189 1377 3254 Gronov.

92 3309 116 3372 i.
139 3326 167 3372 c.
190 3310 284 3372 ‘'I'um
306 3310 450 3374 lectionis
471 3309 509 3373 P.
530 3310 571 3372 R.
594 3310 703 3371 Julius
724 3308 845 3370 scabies
866 3311 997 3373 vertitur
1017 3311 1046 3371 iu
1068 3308 1136 3370 sola
1156 3306 1257 3368 liltera
1277 3305 1377 3386 Rprc

93 3423 146 3504 K,
169 3428 201 3487 ut
221 3427 276 3487 iam
300 3412 452 3488 intellexit
471 3425 559 3505 Pol,
581 3426 814 3505 interpretatusz
842 3425 939 3505 pridie
961 3423 1113 3487 Kalendas
1129 3421 1236 3485 Julms.
1279 3423 1381 3484 Nimi-

91 3561 157 3604 rum
179 3561 265 3622 quum
287 3541 325 3603 Ρ.
354 3541 446 3602 semel
470 3543 613 3621 ceperant
638 3559 693 3621 pro
713 3541 865 3624 populus,
894 3541 1066 3603 necessario
1090 3537 1128 3601 K
1142 3540 1311 3619 corruptum
1333 3541 1382 3601 cst

94 3658 127 3719 in
148 3656 178 3719 R
200 3659 220 3718 i.
244 3676 271 3722 e.
294 3656 463 3719 Romanus.
507 3654 601 3719 Plena
621 3655 748 3719 formula
770 3659 836 3718 est:
869 3660 937 3719 ante
964 3655 1040 3717 diem
1066 3653 1162 3734 pridie
1182 3652 1250 3717 Kal.
1272 3653 1379 3716 Julias.

183 3772 292 3836 I'rr'duc
311 3772 424 3854 Sergio
442 3794 493 3856 pr.
514 3768 592 3853 suit]
626 3771 771 3836 Solemnis
799 3770 829 3832 in
850 3770 974 3848 legibus
1001 3768 1138 3832 domnula.
1181 3769 1248 3832 Lex
1268 3769 1382 3831 'I'qurIa

95 3863 152 3968 ap.
168 3888 279 3966 Sigon.
303 3889 340 3951 de
363 3893 422 3951 ant.
441 3890 503 3949 iure
525 3887 593 3952 Ital.
614 3888 653 3952 II.
674 3907 706 3968 p.
731 3891 801 3950 lto.
822 3887 963 3950 Francos.
987 3890 1083 3948 1593:
1110 3884 1219 3948 I'ridus
1242 3928 1381 3947 .....

95 4007 280 4088 principium
307 4005 374 4067 fuit.
416 4005 485 4066 Lex
515 4002 651 4066 Servilia
675 4022 726 4084 ap.
755 4001 867 4082 Sigon.
896 4003 934 4062 dc
963 4002 1062 4083 Judic.
1092 4001 1132 4063 II.
1164 4005 1215 4063 21.
1244 4022 1272 4081 p.
1303 4005 1382 4063 4222

101 4119 214 4182 Tritos
235 4164 372 4184 .....
392 4123 575 4204 principium
594 4119 667 4200 fuit.
695 4119 762 4182 biv.
784 4117 839 4180 IX.
862 4125 919 4183 38:
942 4118 1062 4180 Faucia
1077 4121 1164 4180 cuma
1183 4118 1246 4198 fult
1263 4118 1387 4198 premet:

97 4239 190 4317 pium.
220 4269 260 4279 -
304 4235 376 4298 Cum
398 4237 450 4298 lex
471 4239 574 4300 nostra
594 4234 768 4315 rogabatur,
792 4253 832 4297 ex
853 4253 935 4298 mure
958 4237 1084 4297 omnium
1107 4231 1233 4295 tribuum
1256 4230 1386 4292 numiui-

99 4352 157 4415 bus
185 4353 216 4416 in
246 4356 357 4419 sortem
382 4354 547 4433 coniectis,
577 4351 673 4418 tribus
696 4350 808 4434 Sergia
834 4353 929 4435 prima
958 4351 994 4415 de
1024 4351 1125 4414 sitella
1154 4351 1235 4411 sorte
1258 4346 1386 4424 exierat,
