<?xml version="1.0" encoding="UTF-8"?>
<!DOCTYPE html PUBLIC "-//W3C//DTD XHTML 1.0 Transitional//EN"
    "http://www.w3.org/TR/xhtml1/DTD/xhtml1-transitional.dtd">
<html xmlns="http://www.w3.org/1999/xhtml" xml:lang="en" lang="en">
 <head>
  <title>
</title>
<meta http-equiv="Content-Type" content="text/html;charset=utf-8" />
  <meta name='ocr-system' content='tesseract 3.04.00' />
  <meta name='ocr-capabilities' content='ocr_page ocr_carea ocr_par ocr_line ocrx_word'/>
</head>
<body>
  <div class='ocr_page' id='page_1' title='image "./sexjuliifrontin00dedegoog_0265.png"; bbox 0 0 2888 4710; ppageno 0'>
   <div class='ocr_carea' id='block_1_1' title="bbox 75 174 935 272">
    <p class='ocr_par' dir='ltr' id='par_1_1' title="bbox 75 174 935 272">
     <span class='ocr_line' id='line_1_1' title="bbox 75 174 935 272; baseline 0.003 -19"><span class='ocrx_word' id='word_1_1' title='bbox 75 175 152 255; x_wconf 82' lang='lat' dir='ltr'><strong>eso</strong></span> <span class='ocrx_word' id='word_1_2' title='bbox 227 262 232 272; x_wconf 65' lang='grc'><strong>,</strong></span> <span class='ocrx_word' id='word_1_3' title='bbox 494 174 935 256; x_wconf 77' lang='lat' dir='ltr'><strong>nuuornrronns.</strong></span> 
     </span>
    </p>
   </div>
   <div class='ocr_carea' id='block_1_2' title="bbox 159 391 931 498">
    <p class='ocr_par' dir='ltr' id='par_1_2' title="bbox 159 391 931 498">
     <span class='ocr_line' id='line_1_2' title="bbox 159 391 931 498; baseline -0.009 -19"><span class='ocrx_word' id='word_1_4' title='bbox 159 415 256 479; x_wconf 80' lang='lat' dir='ltr'><strong>medie</strong></span> <span class='ocrx_word' id='word_1_5' title='bbox 276 421 424 498; x_wconf 81' lang='lat' dir='ltr'><strong>tempore)</strong></span> <span class='ocrx_word' id='word_1_6' title='bbox 446 410 538 475; x_wconf 84' lang='lat' dir='ltr'><strong>Ouid.</strong></span> <span class='ocrx_word' id='word_1_7' title='bbox 560 391 616 474; x_wconf 82' lang='lat' dir='ltr'><strong>IX.</strong></span> <span class='ocrx_word' id='word_1_8' title='bbox 640 415 698 477; x_wconf 81' lang='lat' dir='ltr'><strong>tet</strong></span> <span class='ocrx_word' id='word_1_9' title='bbox 719 411 820 494; x_wconf 78' lang='lat' dir='ltr'><strong>ibique</strong></span> <span class='ocrx_word' id='word_1_10' title='bbox 838 409 931 477; x_wconf 86' lang='lat' dir='ltr'><strong>Bacb.</strong></span> 
     </span>
    </p>
   </div>
   <div class='ocr_carea' id='block_1_3' title="bbox 61 540 1349 1899">
    <p class='ocr_par' dir='ltr' id='par_1_3' title="bbox 61 540 1349 1899">
     <span class='ocr_line' id='line_1_3' title="bbox 158 540 1347 631; baseline -0.005 -23"><span class='ocrx_word' id='word_1_11' title='bbox 158 548 203 610; x_wconf 86' lang='lat' dir='ltr'><strong>ad</strong></span> <span class='ocrx_word' id='word_1_12' title='bbox 223 566 299 631; x_wconf 81' lang='lat' dir='ltr'><strong>quoe</strong></span> <span class='ocrx_word' id='word_1_13' title='bbox 319 565 370 608; x_wconf 87' lang='lat' dir='ltr'><strong>ree</strong></span> <span class='ocrx_word' id='word_1_14' title='bbox 387 548 574 628; x_wconf 80' lang='lat' dir='ltr'><em>pertineret,</em></span> <span class='ocrx_word' id='word_1_15' title='bbox 596 543 807 628; x_wconf 84' lang='lat' dir='ltr'><strong>dispertirent)</strong></span> <span class='ocrx_word' id='word_1_16' title='bbox 839 543 972 605; x_wconf 88' lang='lat' dir='ltr'><strong>Poienus</strong></span> <span class='ocrx_word' id='word_1_17' title='bbox 993 540 1178 619; x_wconf 84' lang='lat' dir='ltr'><strong>sententiam</strong></span> <span class='ocrx_word' id='word_1_18' title='bbox 1199 544 1284 621; x_wconf 83' lang='lat' dir='ltr'><strong>petat</strong></span> <span class='ocrx_word' id='word_1_19' title='bbox 1302 559 1347 602; x_wconf 90' lang='lat' dir='ltr'><strong>re-</strong></span> 
     </span>
     <span class='ocr_line' id='line_1_4' title="bbox 77 656 1346 743; baseline -0.006 -19"><span class='ocrx_word' id='word_1_20' title='bbox 77 661 252 725; x_wconf 82' lang='lat' dir='ltr'><strong>stituendam</strong></span> <span class='ocrx_word' id='word_1_21' title='bbox 273 679 343 724; x_wconf 87' lang='lat' dir='ltr'><strong>esse</strong></span> <span class='ocrx_word' id='word_1_22' title='bbox 365 660 486 722; x_wconf 87' lang='lat' dir='ltr'><strong>similem</strong></span> <span class='ocrx_word' id='word_1_23' title='bbox 507 659 599 724; x_wconf 81' lang='lat' dir='ltr'><strong>buica</strong></span> <span class='ocrx_word' id='word_1_24' title='bbox 628 661 669 739; x_wconf 85' lang='lat' dir='ltr'><strong>ii,</strong></span> <span class='ocrx_word' id='word_1_25' title='bbox 690 660 727 722; x_wconf 85' lang='lat' dir='ltr'><strong>ad</strong></span> <span class='ocrx_word' id='word_1_26' title='bbox 748 679 824 743; x_wconf 89' lang='lat' dir='ltr'><strong>qnos</strong></span> <span class='ocrx_word' id='word_1_27' title='bbox 844 677 893 721; x_wconf 89' lang='lat' dir='ltr'><strong>res</strong></span> <span class='ocrx_word' id='word_1_28' title='bbox 915 659 1096 739; x_wconf 78' lang='lat' dir='ltr'><strong>pertineret,</strong></span> <span class='ocrx_word' id='word_1_29' title='bbox 1124 656 1285 720; x_wconf 86' lang='lat' dir='ltr'><strong>consulere</strong></span> <span class='ocrx_word' id='word_1_30' title='bbox 1306 658 1346 717; x_wconf 88' lang='lat' dir='ltr'><strong>in-</strong></span> 
     </span>
     <span class='ocr_line' id='line_1_5' title="bbox 76 773 1347 858; baseline -0.005 -19"><span class='ocrx_word' id='word_1_31' title='bbox 76 781 161 840; x_wconf 89' lang='lat' dir='ltr'><strong>terim</strong></span> <span class='ocrx_word' id='word_1_32' title='bbox 182 782 309 858; x_wconf 76' lang='lat' dir='ltr'><strong>possent</strong></span> <span class='ocrx_word' id='word_1_33' title='bbox 329 776 419 839; x_wconf 82' lang='lat' dir='ltr'><strong>rebus</strong></span> <span class='ocrx_word' id='word_1_34' title='bbox 441 778 514 838; x_wconf 70' lang='lat' dir='ltr'><strong>suis·</strong></span> <span class='ocrx_word' id='word_1_35' title='bbox 555 775 624 837; x_wconf 84' lang='lat' dir='ltr'><strong>Non</strong></span> <span class='ocrx_word' id='word_1_36' title='bbox 644 779 856 857; x_wconf 77' lang='lat' dir='ltr'><strong>reputaverunt</strong></span> <span class='ocrx_word' id='word_1_37' title='bbox 876 775 934 837; x_wconf 84' lang='lat' dir='ltr'><strong>viri</strong></span> <span class='ocrx_word' id='word_1_38' title='bbox 955 775 1056 853; x_wconf 84' lang='lat' dir='ltr'><strong>docti,</strong></span> <span class='ocrx_word' id='word_1_39' title='bbox 1079 773 1161 856; x_wconf 87' lang='lat' dir='ltr'><strong>quod</strong></span> <span class='ocrx_word' id='word_1_40' title='bbox 1183 774 1347 851; x_wconf 76' lang='lat' dir='ltr'><strong>restituere,</strong></span> 
     </span>
     <span class='ocr_line' id='line_1_6' title="bbox 77 890 1345 975; baseline -0.005 -19"><span class='ocrx_word' id='word_1_41' title='bbox 77 912 135 956; x_wconf 91' lang='lat' dir='ltr'><strong>non</strong></span> <span class='ocrx_word' id='word_1_42' title='bbox 156 894 232 954; x_wconf 87' lang='lat' dir='ltr'><strong>satis</strong></span> <span class='ocrx_word' id='word_1_43' title='bbox 253 893 414 954; x_wconf 81' lang='lat' dir='ltr'><strong>convenire</strong></span> <span class='ocrx_word' id='word_1_44' title='bbox 435 890 538 953; x_wconf 86' lang='lat' dir='ltr'><strong>verbis</strong></span> <span class='ocrx_word' id='word_1_45' title='bbox 561 890 605 953; x_wconf 86' lang='lat' dir='ltr'><strong>ad</strong></span> <span class='ocrx_word' id='word_1_46' title='bbox 626 892 708 975; x_wconf 76' lang='lat' dir='ltr'><strong>quod</strong></span> <span class='ocrx_word' id='word_1_47' title='bbox 727 911 777 955; x_wconf 87' lang='lat' dir='ltr'><strong>ree</strong></span> <span class='ocrx_word' id='word_1_48' title='bbox 795 895 980 975; x_wconf 73' lang='lat' dir='ltr'><strong>pertineret,⁰</strong></span> <span class='ocrx_word' id='word_1_49' title='bbox 1005 891 1184 970; x_wconf 81' lang='lat' dir='ltr'><strong>praesertim</strong></span> <span class='ocrx_word' id='word_1_50' title='bbox 1206 893 1302 950; x_wconf 88' lang='lat' dir='ltr'><strong>antem</strong></span> <span class='ocrx_word' id='word_1_51' title='bbox 1320 891 1345 950; x_wconf 88' lang='lat' dir='ltr'><strong>in</strong></span> 
     </span>
     <span class='ocr_line' id='line_1_7' title="bbox 61 1004 1347 1089; baseline -0.005 -18"><span class='ocrx_word' id='word_1_52' title='bbox 61 1027 127 1088; x_wconf 69' lang='lat' dir='ltr'><strong>re,</strong></span> <span class='ocrx_word' id='word_1_53' title='bbox 150 1011 235 1071; x_wconf 86' lang='lat' dir='ltr'><strong>cuins</strong></span> <span class='ocrx_word' id='word_1_54' title='bbox 256 1006 445 1089; x_wconf 87' lang='lat' dir='ltr'><strong>praecipuam</strong></span> <span class='ocrx_word' id='word_1_55' title='bbox 467 1008 576 1069; x_wconf 77' lang='lat' dir='ltr'><strong>eirItas</strong></span> <span class='ocrx_word' id='word_1_56' title='bbox 597 1012 772 1087; x_wconf 78' lang='lat' dir='ltr'><strong>susceperat</strong></span> <span class='ocrx_word' id='word_1_57' title='bbox 792 1025 913 1087; x_wconf 86' lang='lat' dir='ltr'><strong>curam,</strong></span> <span class='ocrx_word' id='word_1_58' title='bbox 934 1007 1099 1086; x_wconf 71' lang='lat' dir='ltr'><strong>Principem</strong></span> <span class='ocrx_word' id='word_1_59' title='bbox 1119 1025 1181 1068; x_wconf 91' lang='lat' dir='ltr'><strong>non</strong></span> <span class='ocrx_word' id='word_1_60' title='bbox 1204 1007 1236 1067; x_wconf 89' lang='lat' dir='ltr'><strong>id</strong></span> <span class='ocrx_word' id='word_1_61' title='bbox 1258 1004 1347 1066; x_wconf 88' lang='lat' dir='ltr'><strong>indci-</strong></span> 
     </span>
     <span class='ocr_line' id='line_1_8' title="bbox 77 1121 1346 1206; baseline -0.005 -19"><span class='ocrx_word' id='word_1_62' title='bbox 77 1128 157 1187; x_wconf 85' lang='lat' dir='ltr'><strong>sisse</strong></span> <span class='ocrx_word' id='word_1_63' title='bbox 179 1124 323 1187; x_wconf 80' lang='lat' dir='ltr'><strong>credibile</strong></span> <span class='ocrx_word' id='word_1_64' title='bbox 345 1126 410 1199; x_wconf 88' lang='lat' dir='ltr'><strong>esi,</strong></span> <span class='ocrx_word' id='word_1_65' title='bbox 430 1126 464 1185; x_wconf 83' lang='lat' dir='ltr'><strong>ut</strong></span> <span class='ocrx_word' id='word_1_66' title='bbox 484 1141 539 1203; x_wconf 92' lang='lat' dir='ltr'><strong>pro</strong></span> <span class='ocrx_word' id='word_1_67' title='bbox 561 1141 617 1184; x_wconf 87' lang='lat' dir='ltr'><strong>sco</strong></span> <span class='ocrx_word' id='word_1_68' title='bbox 639 1125 763 1206; x_wconf 86' lang='lat' dir='ltr'><strong>quisque</strong></span> <span class='ocrx_word' id='word_1_69' title='bbox 788 1124 911 1185; x_wconf 80' lang='lat' dir='ltr'><strong>arbitrio</strong></span> <span class='ocrx_word' id='word_1_70' title='bbox 932 1122 1054 1203; x_wconf 75' lang='lat' dir='ltr'><strong>praedia</strong></span> <span class='ocrx_word' id='word_1_71' title='bbox 1075 1123 1217 1199; x_wconf 73' lang='lat' dir='ltr'><strong>irrigaret</strong></span> <span class='ocrx_word' id='word_1_72' title='bbox 1241 1123 1293 1184; x_wconf 85' lang='lat' dir='ltr'><strong>ant</strong></span> <span class='ocrx_word' id='word_1_73' title='bbox 1311 1121 1346 1182; x_wconf 90' lang='lat' dir='ltr'><strong>rei</strong></span> 
     </span>
     <span class='ocr_line' id='line_1_9' title="bbox 77 1237 1349 1329; baseline -0.003 -26"><span class='ocrx_word' id='word_1_74' title='bbox 77 1260 150 1303; x_wconf 80' lang='lat' dir='ltr'><strong>scae</strong></span> <span class='ocrx_word' id='word_1_75' title='bbox 179 1239 363 1303; x_wconf 86' lang='lat' dir='ltr'><strong>consuleret.</strong></span> <span class='ocrx_word' id='word_1_76' title='bbox 406 1237 602 1329; x_wconf 79' lang='lat' dir='ltr'><strong>Quamobrem</strong></span> <span class='ocrx_word' id='word_1_77' title='bbox 631 1239 669 1300; x_wconf 90' lang='lat' dir='ltr'><strong>de</strong></span> <span class='ocrx_word' id='word_1_78' title='bbox 694 1239 789 1302; x_wconf 87' lang='lat' dir='ltr'><strong>verbe</strong></span> <span class='ocrx_word' id='word_1_79' title='bbox 818 1239 1036 1302; x_wconf 70' lang='lat' dir='ltr'><strong>distribuerent</strong></span> <span class='ocrx_word' id='word_1_80' title='bbox 1061 1241 1113 1300; x_wconf 84' lang='lat' dir='ltr'><strong>aut</strong></span> <span class='ocrx_word' id='word_1_81' title='bbox 1139 1237 1349 1320; x_wconf 78' lang='lat' dir='ltr'><strong>dispensarent</strong></span> 
     </span>
     <span class='ocr_line' id='line_1_10' title="bbox 77 1354 1347 1437; baseline -0.004 -18"><span class='ocrx_word' id='word_1_82' title='bbox 77 1359 255 1436; x_wconf 68' lang='lat' dir='ltr'><strong>cogitaram</strong></span> <span class='ocrx_word' id='word_1_83' title='bbox 281 1354 417 1437; x_wconf 86' lang='lat' dir='ltr'><strong>quoniam</strong></span> <span class='ocrx_word' id='word_1_84' title='bbox 443 1357 539 1417; x_wconf 91' lang='lat' dir='ltr'><strong>antem</strong></span> <span class='ocrx_word' id='word_1_85' title='bbox 572 1354 769 1437; x_wconf 72' lang='lat' dir='ltr'><strong>dispertirem</strong></span> <span class='ocrx_word' id='word_1_86' title='bbox 791 1355 843 1416; x_wconf 87' lang='lat' dir='ltr'><strong>vel</strong></span> <span class='ocrx_word' id='word_1_87' title='bbox 870 1355 945 1435; x_wconf 87' lang='lat' dir='ltr'><strong>ipsis</strong></span> <span class='ocrx_word' id='word_1_88' title='bbox 971 1354 1082 1417; x_wconf 86' lang='lat' dir='ltr'><strong>litteris</strong></span> <span class='ocrx_word' id='word_1_89' title='bbox 1110 1354 1288 1415; x_wconf 80' lang='lat' dir='ltr'><strong>simillimum</strong></span> <span class='ocrx_word' id='word_1_90' title='bbox 1307 1355 1347 1414; x_wconf 92' lang='lat' dir='ltr'><strong>esi</strong></span> 
     </span>
     <span class='ocr_line' id='line_1_11' title="bbox 77 1469 1345 1552; baseline -0.005 -17"><span class='ocrx_word' id='word_1_91' title='bbox 77 1470 324 1535; x_wconf 78' lang='lat' dir='ltr'><strong>antecedentibus</strong></span> <span class='ocrx_word' id='word_1_92' title='bbox 352 1488 404 1531; x_wconf 81' lang='lat' dir='ltr'><strong>ree</strong></span> <span class='ocrx_word' id='word_1_93' title='bbox 427 1475 636 1552; x_wconf 79' lang='lat' dir='ltr'><strong>pertinerent,</strong></span> <span class='ocrx_word' id='word_1_94' title='bbox 666 1474 698 1532; x_wconf 92' lang='lat' dir='ltr'><strong>et</strong></span> <span class='ocrx_word' id='word_1_95' title='bbox 727 1469 765 1532; x_wconf 90' lang='lat' dir='ltr'><strong>ob</strong></span> <span class='ocrx_word' id='word_1_96' title='bbox 792 1470 1013 1532; x_wconf 89' lang='lat' dir='ltr'><strong>similitudinem</strong></span> <span class='ocrx_word' id='word_1_97' title='bbox 1040 1470 1200 1532; x_wconf 86' lang='lat' dir='ltr'><strong>verborum</strong></span> <span class='ocrx_word' id='word_1_98' title='bbox 1223 1469 1345 1531; x_wconf 85' lang='lat' dir='ltr'><strong>lacunam</strong></span> 
     </span>
     <span class='ocr_line' id='line_1_12' title="bbox 77 1576 1345 1668; baseline -0.005 -18"><span class='ocrx_word' id='word_1_99' title='bbox 77 1591 170 1650; x_wconf 87' lang='lat' dir='ltr'><strong>ortem</strong></span> <span class='ocrx_word' id='word_1_100' title='bbox 193 1605 263 1648; x_wconf 89' lang='lat' dir='ltr'><strong>esse</strong></span> <span class='ocrx_word' id='word_1_101' title='bbox 284 1576 440 1665; x_wconf 80' lang='lat' dir='ltr'><strong>probabile</strong></span> <span class='ocrx_word' id='word_1_102' title='bbox 462 1589 520 1664; x_wconf 87' lang='lat' dir='ltr'><strong>est,</strong></span> <span class='ocrx_word' id='word_1_103' title='bbox 543 1585 601 1648; x_wconf 90' lang='lat' dir='ltr'><strong>hoc</strong></span> <span class='ocrx_word' id='word_1_104' title='bbox 629 1585 780 1666; x_wconf 79' lang='lat' dir='ltr'><strong>rescripsi.</strong></span> <span class='ocrx_word' id='word_1_105' title='bbox 821 1585 1039 1666; x_wconf 79' lang='lat' dir='ltr'><strong>Interpretare:</strong></span> <span class='ocrx_word' id='word_1_106' title='bbox 1067 1586 1147 1648; x_wconf 85' lang='lat' dir='ltr'><strong>intra</strong></span> <span class='ocrx_word' id='word_1_107' title='bbox 1175 1586 1256 1668; x_wconf 82' lang='lat' dir='ltr'><strong>quod</strong></span> <span class='ocrx_word' id='word_1_108' title='bbox 1284 1603 1345 1664; x_wconf 86' lang='lat' dir='ltr'><strong>spa-</strong></span> 
     </span>
     <span class='ocr_line' id='line_1_13' title="bbox 76 1698 1344 1786; baseline -0.005 -21"><span class='ocrx_word' id='word_1_109' title='bbox 76 1707 147 1766; x_wconf 89' lang='lat' dir='ltr'><strong>tium</strong></span> <span class='ocrx_word' id='word_1_110' title='bbox 169 1705 210 1781; x_wconf 92' lang='lat' dir='ltr'><strong>li,</strong></span> <span class='ocrx_word' id='word_1_111' title='bbox 239 1702 275 1762; x_wconf 87' lang='lat' dir='ltr'><strong>ad</strong></span> <span class='ocrx_word' id='word_1_112' title='bbox 298 1719 375 1782; x_wconf 88' lang='lat' dir='ltr'><strong>quos</strong></span> <span class='ocrx_word' id='word_1_113' title='bbox 403 1717 440 1761; x_wconf 82' lang='lat' dir='ltr'><strong>ea</strong></span> <span class='ocrx_word' id='word_1_114' title='bbox 459 1717 526 1778; x_wconf 88' lang='lat' dir='ltr'><strong>res,</strong></span> <span class='ocrx_word' id='word_1_115' title='bbox 556 1703 578 1763; x_wconf 86' lang='grc'><strong>1.</strong></span> <span class='ocrx_word' id='word_1_116' title='bbox 600 1718 630 1764; x_wconf 83' lang='lat' dir='ltr'><strong>e.</strong></span> <span class='ocrx_word' id='word_1_117' title='bbox 658 1721 696 1764; x_wconf 82' lang='lat' dir='ltr'><strong>ca</strong></span> <span class='ocrx_word' id='word_1_118' title='bbox 716 1721 802 1780; x_wconf 86' lang='lat' dir='ltr'><strong>cura,</strong></span> <span class='ocrx_word' id='word_1_119' title='bbox 829 1702 859 1764; x_wconf 86' lang='lat' dir='ltr'><strong>id</strong></span> <span class='ocrx_word' id='word_1_120' title='bbox 880 1721 986 1764; x_wconf 81' lang='lat' dir='ltr'><strong>munus</strong></span> <span class='ocrx_word' id='word_1_121' title='bbox 1011 1719 1105 1786; x_wconf 81' lang='lat' dir='ltr'><strong>aquae</strong></span> <span class='ocrx_word' id='word_1_122' title='bbox 1133 1698 1344 1781; x_wconf 80' lang='lat' dir='ltr'><strong>dispertiendae</strong></span> 
     </span>
     <span class='ocr_line' id='line_1_14' title="bbox 76 1810 565 1899; baseline -0.01 -16"><span class='ocrx_word' id='word_1_123' title='bbox 76 1821 252 1899; x_wconf 82' lang='lat' dir='ltr'><strong>pertineret,</strong></span> <span class='ocrx_word' id='word_1_124' title='bbox 275 1833 338 1877; x_wconf 85' lang='lat' dir='ltr'><strong>eam</strong></span> <span class='ocrx_word' id='word_1_125' title='bbox 360 1810 565 1894; x_wconf 83' lang='lat' dir='ltr'><strong>dispertireni.</strong></span> 
     </span>
    </p>
   </div>
   <div class='ocr_carea' id='block_1_4' title="bbox 76 1943 1344 2149">
    <p class='ocr_par' dir='ltr' id='par_1_4' title="bbox 76 1943 1344 2149">
     <span class='ocr_line' id='line_1_15' title="bbox 159 1943 1344 2034; baseline -0.004 -20"><span class='ocrx_word' id='word_1_126' title='bbox 159 1943 327 2029; x_wconf 79' lang='lat' dir='ltr'><strong>sociorum)</strong></span> <span class='ocrx_word' id='word_1_127' title='bbox 350 1945 438 2008; x_wconf 79' lang='lat' dir='ltr'><strong>Socii</strong></span> <span class='ocrx_word' id='word_1_128' title='bbox 458 1949 507 2029; x_wconf 87' lang='lat' dir='ltr'><strong>qui</strong></span> <span class='ocrx_word' id='word_1_129' title='bbox 530 1950 603 2028; x_wconf 90' lang='lat' dir='ltr'><strong>sint,</strong></span> <span class='ocrx_word' id='word_1_130' title='bbox 627 1949 746 2013; x_wconf 86' lang='lat' dir='ltr'><strong>doceris</strong></span> <span class='ocrx_word' id='word_1_131' title='bbox 767 1969 807 2012; x_wconf 86' lang='lat' dir='ltr'><strong>ex</strong></span> <span class='ocrx_word' id='word_1_132' title='bbox 829 1969 925 2034; x_wconf 68' lang='lat' dir='ltr'><strong>seqq„</strong></span> <span class='ocrx_word' id='word_1_133' title='bbox 948 1948 1068 2011; x_wconf 84' lang='lat' dir='ltr'><strong>scilicet</strong></span> <span class='ocrx_word' id='word_1_134' title='bbox 1088 1950 1126 2026; x_wconf 90' lang='lat' dir='ltr'><strong>ii,</strong></span> <span class='ocrx_word' id='word_1_135' title='bbox 1150 1949 1201 2034; x_wconf 75' lang='lat' dir='ltr'><strong>qui</strong></span> <span class='ocrx_word' id='word_1_136' title='bbox 1226 1964 1344 2010; x_wconf 83' lang='lat' dir='ltr'><strong>commc-</strong></span> 
     </span>
     <span class='ocr_line' id='line_1_16' title="bbox 76 2066 544 2149; baseline -0.015 -17"><span class='ocrx_word' id='word_1_137' title='bbox 76 2071 155 2132; x_wconf 86' lang='lat' dir='ltr'><strong>niter</strong></span> <span class='ocrx_word' id='word_1_138' title='bbox 174 2083 278 2149; x_wconf 86' lang='lat' dir='ltr'><strong>aquam</strong></span> <span class='ocrx_word' id='word_1_139' title='bbox 300 2066 544 2144; x_wconf 80' lang='lat' dir='ltr'><strong>impetraverunt.</strong></span> 
     </span>
    </p>
   </div>
   <div class='ocr_carea' id='block_1_5' title="bbox 157 2190 778 2279">
    <p class='ocr_par' dir='ltr' id='par_1_5' title="bbox 157 2190 778 2279">
     <span class='ocr_line' id='line_1_17' title="bbox 157 2190 778 2279; baseline 0.002 -17"><span class='ocrx_word' id='word_1_140' title='bbox 157 2190 367 2276; x_wconf 78' lang='lat' dir='ltr'><strong>constitutum)</strong></span> <span class='ocrx_word' id='word_1_141' title='bbox 389 2212 432 2258; x_wconf 86' lang='lat' dir='ltr'><strong>sc.</strong></span> <span class='ocrx_word' id='word_1_142' title='bbox 453 2193 537 2273; x_wconf 82' lang='lat' dir='ltr'><strong>lege,</strong></span> <span class='ocrx_word' id='word_1_143' title='bbox 559 2198 662 2260; x_wconf 80' lang='lat' dir='ltr'><strong>verbis</strong></span> <span class='ocrx_word' id='word_1_144' title='bbox 684 2199 778 2279; x_wconf 77' lang='lat' dir='ltr'><strong>legis.</strong></span> 
     </span>
    </p>
   </div>
   <div class='ocr_carea' id='block_1_6' title="bbox 73 2328 1355 3208">
    <p class='ocr_par' dir='ltr' id='par_1_6' title="bbox 73 2328 1355 3208">
     <span class='ocr_line' id='line_1_18' title="bbox 155 2328 1344 2413; baseline -0.001 -20"><span class='ocrx_word' id='word_1_145' title='bbox 155 2329 373 2413; x_wconf 85' lang='lat' dir='ltr'><strong>perinde-ac)</strong></span> <span class='ocrx_word' id='word_1_146' title='bbox 400 2329 480 2407; x_wconf 77' lang='lat' dir='ltr'><strong>Leg.</strong></span> <span class='ocrx_word' id='word_1_147' title='bbox 508 2346 548 2393; x_wconf 86' lang='lat' dir='ltr'><strong>ac</strong></span> <span class='ocrx_word' id='word_1_148' title='bbox 568 2332 607 2392; x_wconf 83' lang='lat' dir='ltr'><strong>si.</strong></span> <span class='ocrx_word' id='word_1_149' title='bbox 636 2328 763 2396; x_wconf 85' lang='lat' dir='ltr'><strong>Sueten.</strong></span> <span class='ocrx_word' id='word_1_150' title='bbox 792 2330 860 2394; x_wconf 85' lang='lat' dir='ltr'><strong>Oet.</strong></span> <span class='ocrx_word' id='word_1_151' title='bbox 881 2335 933 2396; x_wconf 73' lang='grc'><strong>85.</strong></span> <span class='ocrx_word' id='word_1_152' title='bbox 961 2332 1061 2411; x_wconf 81' lang='lat' dir='ltr'><strong>Tacit.</strong></span> <span class='ocrx_word' id='word_1_153' title='bbox 1089 2330 1169 2392; x_wconf 81' lang='lat' dir='ltr'><strong>Ann.</strong></span> <span class='ocrx_word' id='word_1_154' title='bbox 1190 2330 1277 2394; x_wconf 83' lang='lat' dir='ltr'><strong>xlv.</strong></span> <span class='ocrx_word' id='word_1_155' title='bbox 1297 2333 1344 2392; x_wconf 81' lang='lat' dir='ltr'><strong>tt:</strong></span> 
     </span>
     <span class='ocr_line' id='line_1_19' title="bbox 73 2444 1346 2533; baseline -0.006 -22"><span class='ocrx_word' id='word_1_156' title='bbox 73 2446 203 2533; x_wconf 78' lang='lat' dir='ltr'><strong>preinde</strong></span> <span class='ocrx_word' id='word_1_157' title='bbox 222 2444 522 2510; x_wconf 78' lang='lat' dir='ltr'><strong>ete-condemnatus.</strong></span> <span class='ocrx_word' id='word_1_158' title='bbox 558 2444 609 2507; x_wconf 79' lang='grc' dir='ltr'><strong>ΑΙ.</strong></span> <span class='ocrx_word' id='word_1_159' title='bbox 632 2466 671 2508; x_wconf 84' lang='lat' dir='ltr'><strong>ec</strong></span> <span class='ocrx_word' id='word_1_160' title='bbox 692 2450 731 2512; x_wconf 87' lang='lat' dir='ltr'><strong>ei.</strong></span> <span class='ocrx_word' id='word_1_161' title='bbox 767 2446 924 2509; x_wconf 78' lang='lat' dir='ltr'><strong>Heindorf.</strong></span> <span class='ocrx_word' id='word_1_162' title='bbox 951 2448 989 2508; x_wconf 89' lang='lat' dir='ltr'><strong>ad</strong></span> <span class='ocrx_word' id='word_1_163' title='bbox 1016 2445 1086 2508; x_wconf 81' lang='lat' dir='ltr'><strong>Nat.</strong></span> <span class='ocrx_word' id='word_1_164' title='bbox 1108 2445 1205 2509; x_wconf 88' lang='lat' dir='ltr'><strong>Deer.</strong></span> <span class='ocrx_word' id='word_1_165' title='bbox 1233 2466 1264 2527; x_wconf 92' lang='lat' dir='ltr'><strong>p.</strong></span> <span class='ocrx_word' id='word_1_166' title='bbox 1284 2448 1346 2510; x_wconf 84' lang='lat'><strong>210.</strong></span> 
     </span>
     <span class='ocr_line' id='line_1_20' title="bbox 79 2534 1348 2652; baseline -0.001 -27"><span class='ocrx_word' id='word_1_167' title='bbox 79 2564 224 2646; x_wconf 73' lang='lat' dir='ltr'><strong>„penem</strong></span> <span class='ocrx_word' id='word_1_168' title='bbox 249 2559 384 2648; x_wconf 50' lang='lat' dir='ltr'><strong>quamn</strong></span> <span class='ocrx_word' id='word_1_169' title='bbox 413 2561 487 2623; x_wconf 71' lang='lat' dir='ltr'><strong>nnn</strong></span> <span class='ocrx_word' id='word_1_170' title='bbox 508 2561 567 2641; x_wconf 76' lang='lat' dir='ltr'><strong>np.</strong></span> <span class='ocrx_word' id='word_1_171' title='bbox 592 2569 629 2640; x_wconf 87' lang='lat' dir='ltr'><strong>e,</strong></span> <span class='ocrx_word' id='word_1_172' title='bbox 656 2563 747 2627; x_wconf 79' lang='lat' dir='ltr'><strong>een.</strong></span> <span class='ocrx_word' id='word_1_173' title='bbox 771 2560 929 2642; x_wconf 70' lang='lat' dir='ltr'><strong>spatonng.</strong></span> <span class='ocrx_word' id='word_1_174' title='bbox 958 2563 994 2623; x_wconf 77' lang='lat' dir='ltr'><strong>an</strong></span> <span class='ocrx_word' id='word_1_175' title='bbox 1017 2561 1142 2652; x_wconf 69' lang='lat' dir='ltr'><strong>euentu.</strong></span> <span class='ocrx_word' id='word_1_176' title='bbox 1165 2563 1203 2625; x_wconf 88' lang='lat' dir='ltr'><strong>v.</strong></span> <span class='ocrx_word' id='word_1_177' title='bbox 1230 2534 1348 2639; x_wconf 77' lang='lat' dir='ltr'><strong>13,tt.</strong></span> 
     </span>
     <span class='ocr_line' id='line_1_21' title="bbox 75 2676 1349 2759; baseline -0.005 -16"><span class='ocrx_word' id='word_1_178' title='bbox 75 2679 215 2743; x_wconf 71' lang='lat' dir='ltr'><strong>uetuit.</strong></span> <span class='ocrx_word' id='word_1_179' title='bbox 253 2679 356 2755; x_wconf 89' lang='lat' dir='ltr'><strong>Bene,</strong></span> <span class='ocrx_word' id='word_1_180' title='bbox 386 2677 411 2737; x_wconf 90' lang='lat' dir='ltr'><strong>si</strong></span> <span class='ocrx_word' id='word_1_181' title='bbox 437 2676 597 2739; x_wconf 85' lang='lat' dir='ltr'><strong>Frontinus</strong></span> <span class='ocrx_word' id='word_1_182' title='bbox 628 2679 822 2759; x_wconf 83' lang='lat' dir='ltr'><strong>scripsisset:</strong></span> <span class='ocrx_word' id='word_1_183' title='bbox 851 2698 892 2741; x_wconf 86' lang='lat' dir='ltr'><strong>cc</strong></span> <span class='ocrx_word' id='word_1_184' title='bbox 912 2681 942 2740; x_wconf 81' lang='lat' dir='ltr'><strong>si</strong></span> <span class='ocrx_word' id='word_1_185' title='bbox 962 2683 1028 2740; x_wconf 88' lang='lat' dir='ltr'><strong>iure</strong></span> <span class='ocrx_word' id='word_1_186' title='bbox 1055 2689 1175 2741; x_wconf 84' lang='lat' dir='ltr'><strong>cautum</strong></span> <span class='ocrx_word' id='word_1_187' title='bbox 1202 2688 1304 2756; x_wconf 73' lang='lat' dir='ltr'><strong>esset3</strong></span> <span class='ocrx_word' id='word_1_188' title='bbox 1322 2679 1349 2737; x_wconf 95' lang='lat' dir='ltr'><strong>in</strong></span> 
     </span>
     <span class='ocr_line' id='line_1_22' title="bbox 76 2791 1352 2874; baseline -0.005 -16"><span class='ocrx_word' id='word_1_189' title='bbox 76 2795 156 2858; x_wconf 86' lang='lat' dir='ltr'><strong>bunc</strong></span> <span class='ocrx_word' id='word_1_190' title='bbox 178 2809 315 2857; x_wconf 87' lang='lat' dir='ltr'><strong>sensnm:</strong></span> <span class='ocrx_word' id='word_1_191' title='bbox 339 2793 407 2871; x_wconf 81' lang='lat' dir='ltr'><strong>„die</strong></span> <span class='ocrx_word' id='word_1_192' title='bbox 428 2791 647 2870; x_wconf 82' lang='lat' dir='ltr'><strong>Beobacbtnng</strong></span> <span class='ocrx_word' id='word_1_193' title='bbox 664 2792 780 2874; x_wconf 86' lang='lat' dir='ltr'><strong>jedocb</strong></span> <span class='ocrx_word' id='word_1_194' title='bbox 802 2796 922 2856; x_wconf 86' lang='lat' dir='ltr'><strong>vertritt</strong></span> <span class='ocrx_word' id='word_1_195' title='bbox 939 2794 988 2857; x_wconf 88' lang='lat' dir='ltr'><strong>die</strong></span> <span class='ocrx_word' id='word_1_196' title='bbox 1009 2792 1245 2858; x_wconf 81' lang='lat' dir='ltr'><strong>iteebtsnornr.“</strong></span> <span class='ocrx_word' id='word_1_197' title='bbox 1279 2791 1352 2856; x_wconf 87' lang='lat' dir='ltr'><strong>iiiibi</strong></span> 
     </span>
     <span class='ocr_line' id='line_1_23' title="bbox 79 2908 1352 2990; baseline -0.002 -16"><span class='ocrx_word' id='word_1_198' title='bbox 79 2917 176 2974; x_wconf 86' lang='lat' dir='ltr'><strong>antem</strong></span> <span class='ocrx_word' id='word_1_199' title='bbox 197 2910 291 2971; x_wconf 81' lang='lat' dir='ltr'><strong>verba</strong></span> <span class='ocrx_word' id='word_1_200' title='bbox 312 2908 476 2989; x_wconf 87' lang='lat' dir='ltr'><strong>simplicius</strong></span> <span class='ocrx_word' id='word_1_201' title='bbox 497 2909 642 2988; x_wconf 85' lang='lat' dir='ltr'><strong>capienda</strong></span> <span class='ocrx_word' id='word_1_202' title='bbox 659 2927 728 2971; x_wconf 91' lang='lat' dir='ltr'><strong>esse</strong></span> <span class='ocrx_word' id='word_1_203' title='bbox 749 2909 935 2988; x_wconf 83' lang='lat' dir='ltr'><strong>videbantur,</strong></span> <span class='ocrx_word' id='word_1_204' title='bbox 958 2913 991 2971; x_wconf 87' lang='lat' dir='ltr'><strong>ut</strong></span> <span class='ocrx_word' id='word_1_205' title='bbox 1011 2930 1052 2972; x_wconf 87' lang='lat' dir='ltr'><strong>oe</strong></span> <span class='ocrx_word' id='word_1_206' title='bbox 1073 2912 1115 2973; x_wconf 89' lang='lat' dir='ltr'><strong>sit</strong></span> <span class='ocrx_word' id='word_1_207' title='bbox 1134 2909 1281 2990; x_wconf 81' lang='lat' dir='ltr'><strong>particula</strong></span> <span class='ocrx_word' id='word_1_208' title='bbox 1302 2928 1352 2972; x_wconf 83' lang='lat' dir='ltr'><strong>co-</strong></span> 
     </span>
     <span class='ocr_line' id='line_1_24' title="bbox 79 3023 1355 3111; baseline -0.002 -23"><span class='ocrx_word' id='word_1_209' title='bbox 79 3026 226 3108; x_wconf 82' lang='lat' dir='ltr'><strong>pulativa,</strong></span> <span class='ocrx_word' id='word_1_210' title='bbox 249 3027 312 3088; x_wconf 80' lang='lat' dir='ltr'><strong>sict</strong></span> <span class='ocrx_word' id='word_1_211' title='bbox 336 3025 433 3088; x_wconf 86' lang='lat' dir='ltr'><strong>simile</strong></span> <span class='ocrx_word' id='word_1_212' title='bbox 455 3029 552 3090; x_wconf 88' lang='lat' dir='ltr'><strong>tamen</strong></span> <span class='ocrx_word' id='word_1_213' title='bbox 574 3027 623 3087; x_wconf 89' lang='lat' dir='ltr'><strong>est</strong></span> <span class='ocrx_word' id='word_1_214' title='bbox 642 3023 714 3105; x_wconf 80' lang='lat' dir='ltr'><strong>boc,</strong></span> <span class='ocrx_word' id='word_1_215' title='bbox 737 3025 816 3111; x_wconf 84' lang='lat' dir='ltr'><strong>quod</strong></span> <span class='ocrx_word' id='word_1_216' title='bbox 838 3026 1026 3104; x_wconf 86' lang='lat' dir='ltr'><strong>observatur,</strong></span> <span class='ocrx_word' id='word_1_217' title='bbox 1049 3027 1177 3108; x_wconf 83' lang='lat' dir='ltr'><strong>ecquod</strong></span> <span class='ocrx_word' id='word_1_218' title='bbox 1197 3028 1264 3091; x_wconf 85' lang='lat' dir='ltr'><strong>iure</strong></span> <span class='ocrx_word' id='word_1_219' title='bbox 1285 3045 1355 3089; x_wconf 83' lang='lat' dir='ltr'><strong>can-</strong></span> 
     </span>
     <span class='ocr_line' id='line_1_25' title="bbox 76 3145 217 3208; baseline -0.028 0"><span class='ocrx_word' id='word_1_220' title='bbox 76 3149 137 3208; x_wconf 89' lang='lat' dir='ltr'><strong>tum</strong></span> <span class='ocrx_word' id='word_1_221' title='bbox 159 3145 217 3206; x_wconf 81' lang='lat' dir='ltr'><strong>est.</strong></span> 
     </span>
    </p>
   </div>
   <div class='ocr_carea' id='block_1_7' title="bbox 56 3237 1357 3586">
    <p class='ocr_par' dir='ltr' id='par_1_7' title="bbox 56 3237 1357 3586">
     <span class='ocr_line' id='line_1_26' title="bbox 162 3237 1356 3358; baseline -0.003 -19"><span class='ocrx_word' id='word_1_222' title='bbox 162 3275 296 3339; x_wconf 84' lang='lat' dir='ltr'><strong>desisset</strong></span> <span class='ocrx_word' id='word_1_223' title='bbox 316 3278 393 3348; x_wconf 83' lang='lat' dir='ltr'><strong>etc.)</strong></span> <span class='ocrx_word' id='word_1_224' title='bbox 429 3273 498 3351; x_wconf 79' lang='lat' dir='ltr'><strong>Ego</strong></span> <span class='ocrx_word' id='word_1_225' title='bbox 521 3275 566 3357; x_wconf 85' lang='lat' dir='ltr'><strong>sie</strong></span> <span class='ocrx_word' id='word_1_226' title='bbox 591 3271 689 3337; x_wconf 85' lang='lat' dir='ltr'><strong>locem</strong></span> <span class='ocrx_word' id='word_1_227' title='bbox 718 3274 824 3355; x_wconf 79' lang='lat' dir='ltr'><strong>capiet</strong></span> <span class='ocrx_word' id='word_1_228' title='bbox 854 3293 918 3336; x_wconf 87' lang='lat' dir='ltr'><strong>cum</strong></span> <span class='ocrx_word' id='word_1_229' title='bbox 945 3275 1071 3358; x_wconf 87' lang='lat' dir='ltr'><strong>quisquc</strong></span> <span class='ocrx_word' id='word_1_230' title='bbox 1100 3293 1142 3336; x_wconf 84' lang='lat' dir='ltr'><strong>ex</strong></span> <span class='ocrx_word' id='word_1_231' title='bbox 1164 3274 1225 3350; x_wconf 84' lang='lat' dir='ltr'><strong>iis,</strong></span> <span class='ocrx_word' id='word_1_232' title='bbox 1253 3237 1356 3357; x_wconf 75' lang='lat' dir='ltr'><strong>quibos</strong></span> 
     </span>
     <span class='ocr_line' id='line_1_27' title="bbox 56 3389 1357 3470; baseline -0.005 -15"><span class='ocrx_word' id='word_1_233' title='bbox 56 3391 253 3455; x_wconf 70' lang='lat' dir='ltr'><strong>⁴beneficium</strong></span> <span class='ocrx_word' id='word_1_234' title='bbox 282 3392 380 3452; x_wconf 84' lang='lat' dir='ltr'><strong>datum</strong></span> <span class='ocrx_word' id='word_1_235' title='bbox 408 3394 488 3467; x_wconf 84' lang='lat' dir='ltr'><strong>erat,</strong></span> <span class='ocrx_word' id='word_1_236' title='bbox 518 3390 660 3452; x_wconf 89' lang='lat' dir='ltr'><strong>desiisset</strong></span> <span class='ocrx_word' id='word_1_237' title='bbox 689 3390 761 3451; x_wconf 84' lang='lat' dir='ltr'><strong>iliud</strong></span> <span class='ocrx_word' id='word_1_238' title='bbox 789 3389 963 3452; x_wconf 82' lang='lat' dir='ltr'><strong>beneficium</strong></span> <span class='ocrx_word' id='word_1_239' title='bbox 993 3390 1171 3470; x_wconf 79' lang='lat' dir='ltr'><strong>possidere3</strong></span> <span class='ocrx_word' id='word_1_240' title='bbox 1199 3391 1221 3453; x_wconf 87' lang='lat' dir='ltr'><strong>i.</strong></span> <span class='ocrx_word' id='word_1_241' title='bbox 1244 3408 1274 3452; x_wconf 86' lang='lat' dir='ltr'><strong>e.</strong></span> <span class='ocrx_word' id='word_1_242' title='bbox 1296 3406 1357 3453; x_wconf 83' lang='lat' dir='ltr'><strong>enm</strong></span> 
     </span>
     <span class='ocr_line' id='line_1_28' title="bbox 80 3505 935 3586; baseline -0.002 -16"><span class='ocrx_word' id='word_1_243' title='bbox 80 3524 166 3582; x_wconf 81' lang='lat' dir='ltr'><strong>nemo</strong></span> <span class='ocrx_word' id='word_1_244' title='bbox 188 3505 312 3586; x_wconf 85' lang='lat' dir='ltr'><strong>amplius</strong></span> <span class='ocrx_word' id='word_1_245' title='bbox 334 3508 364 3567; x_wconf 89' lang='lat' dir='ltr'><strong>in</strong></span> <span class='ocrx_word' id='word_1_246' title='bbox 387 3506 446 3568; x_wconf 84' lang='lat' dir='ltr'><strong>dati</strong></span> <span class='ocrx_word' id='word_1_247' title='bbox 467 3505 603 3568; x_wconf 83' lang='lat' dir='ltr'><strong>beneficii</strong></span> <span class='ocrx_word' id='word_1_248' title='bbox 625 3505 821 3586; x_wconf 86' lang='lat' dir='ltr'><strong>possessione</strong></span> <span class='ocrx_word' id='word_1_249' title='bbox 843 3508 935 3568; x_wconf 85' lang='lat' dir='ltr'><strong>esset.</strong></span> 
     </span>
    </p>
   </div>
   <div class='ocr_carea' id='block_1_8' title="bbox 56 3633 1360 4064">
    <p class='ocr_par' dir='ltr' id='par_1_8' title="bbox 163 3633 1359 3720">
     <span class='ocr_line' id='line_1_29' title="bbox 163 3633 1359 3720; baseline -0.002 -20"><span class='ocrx_word' id='word_1_250' title='bbox 163 3633 343 3717; x_wconf 76' lang='lat' dir='ltr'><strong>continebit)</strong></span> <span class='ocrx_word' id='word_1_251' title='bbox 365 3639 498 3718; x_wconf 83' lang='lat' dir='ltr'><strong>Tempus</strong></span> <span class='ocrx_word' id='word_1_252' title='bbox 519 3637 646 3700; x_wconf 81' lang='lat' dir='ltr'><strong>interum</strong></span> <span class='ocrx_word' id='word_1_253' title='bbox 667 3637 754 3700; x_wconf 86' lang='lat' dir='ltr'><strong>velut</strong></span> <span class='ocrx_word' id='word_1_254' title='bbox 775 3639 872 3699; x_wconf 90' lang='lat' dir='ltr'><strong>omnia</strong></span> <span class='ocrx_word' id='word_1_255' title='bbox 893 3641 1026 3717; x_wconf 87' lang='lat' dir='ltr'><strong>tempora</strong></span> <span class='ocrx_word' id='word_1_256' title='bbox 1047 3637 1253 3719; x_wconf 79' lang='lat' dir='ltr'><strong>amplectitur3</strong></span> <span class='ocrx_word' id='word_1_257' title='bbox 1273 3636 1359 3720; x_wconf 82' lang='lat' dir='ltr'><strong>quale</strong></span> 
     </span>
    </p>

    <p class='ocr_par' dir='ltr' id='par_1_9' title="bbox 83 3752 1359 3835">
     <span class='ocr_line' id='line_1_30' title="bbox 83 3752 1359 3835; baseline -0.001 -19"><span class='ocrx_word' id='word_1_258' title='bbox 83 3754 161 3835; x_wconf 84' lang='lat' dir='ltr'><strong>apud</strong></span> <span class='ocrx_word' id='word_1_259' title='bbox 187 3756 283 3834; x_wconf 89' lang='lat' dir='ltr'><strong>ipsum</strong></span> <span class='ocrx_word' id='word_1_260' title='bbox 310 3753 480 3816; x_wconf 84' lang='lat' dir='ltr'><strong>Frontinum</strong></span> <span class='ocrx_word' id='word_1_261' title='bbox 509 3753 565 3814; x_wconf 89' lang='lat' dir='ltr'><strong>iam</strong></span> <span class='ocrx_word' id='word_1_262' title='bbox 593 3752 761 3818; x_wconf 81' lang='lat' dir='ltr'><strong>babuimus.</strong></span> <span class='ocrx_word' id='word_1_263' title='bbox 801 3754 850 3816; x_wconf 76' lang='lat' dir='ltr'><strong>Ex</strong></span> <span class='ocrx_word' id='word_1_264' title='bbox 870 3753 931 3816; x_wconf 89' lang='lat' dir='ltr'><strong>aiio</strong></span> <span class='ocrx_word' id='word_1_265' title='bbox 959 3753 1086 3815; x_wconf 85' lang='lat' dir='ltr'><strong>castello</strong></span> <span class='ocrx_word' id='word_1_266' title='bbox 1108 3755 1266 3833; x_wconf 87' lang='lat' dir='ltr'><strong>impetrata</strong></span> <span class='ocrx_word' id='word_1_267' title='bbox 1287 3771 1359 3835; x_wconf 83' lang='lat' dir='ltr'><strong>aqua</strong></span> 
     </span>
    </p>

    <p class='ocr_par' dir='ltr' id='par_1_10' title="bbox 56 3852 1360 4064">
     <span class='ocr_line' id='line_1_31' title="bbox 56 3852 1360 3954; baseline 0.002 -24"><span class='ocrx_word' id='word_1_268' title='bbox 56 3852 61 3874; x_wconf 61' lang='lat'>²</span> <span class='ocrx_word' id='word_1_269' title='bbox 84 3870 152 3931; x_wconf 89' lang='lat' dir='ltr'><strong>duci</strong></span> <span class='ocrx_word' id='word_1_270' title='bbox 173 3886 233 3929; x_wconf 90' lang='lat' dir='ltr'><strong>nen</strong></span> <span class='ocrx_word' id='word_1_271' title='bbox 256 3868 363 3946; x_wconf 84' lang='lat' dir='ltr'><strong>debet,</strong></span> <span class='ocrx_word' id='word_1_272' title='bbox 387 3887 471 3950; x_wconf 82' lang='lat' dir='ltr'><strong>quam</strong></span> <span class='ocrx_word' id='word_1_273' title='bbox 494 3888 535 3932; x_wconf 83' lang='lat' dir='ltr'><strong>ex</strong></span> <span class='ocrx_word' id='word_1_274' title='bbox 557 3889 612 3946; x_wconf 90' lang='lat' dir='ltr'><strong>eo,</strong></span> <span class='ocrx_word' id='word_1_275' title='bbox 639 3889 678 3932; x_wconf 86' lang='lat' dir='ltr'><strong>ex</strong></span> <span class='ocrx_word' id='word_1_276' title='bbox 700 3890 758 3954; x_wconf 87' lang='lat' dir='ltr'><strong>qno</strong></span> <span class='ocrx_word' id='word_1_277' title='bbox 782 3889 845 3932; x_wconf 87' lang='lat' dir='ltr'><strong>eam</strong></span> <span class='ocrx_word' id='word_1_278' title='bbox 868 3871 936 3932; x_wconf 87' lang='lat' dir='ltr'><strong>duci</strong></span> <span class='ocrx_word' id='word_1_279' title='bbox 959 3874 1100 3951; x_wconf 87' lang='lat' dir='ltr'><strong>oportere</strong></span> <span class='ocrx_word' id='word_1_280' title='bbox 1122 3869 1255 3950; x_wconf 76' lang='lat' dir='ltr'><strong>epistole</strong></span> <span class='ocrx_word' id='word_1_281' title='bbox 1274 3869 1360 3932; x_wconf 84' lang='lat' dir='ltr'><strong>Prin-</strong></span> 
     </span>
     <span class='ocr_line' id='line_1_32' title="bbox 84 3983 747 4064; baseline -0.002 -17"><span class='ocrx_word' id='word_1_282' title='bbox 84 3985 161 4064; x_wconf 86' lang='lat' dir='ltr'><strong>cipis</strong></span> <span class='ocrx_word' id='word_1_283' title='bbox 184 3984 327 4061; x_wconf 86' lang='lat' dir='ltr'><strong>eontinet,</strong></span> <span class='ocrx_word' id='word_1_284' title='bbox 349 3983 369 4046; x_wconf 87' lang='lat' dir='ltr'><strong>i.</strong></span> <span class='ocrx_word' id='word_1_285' title='bbox 392 4001 419 4046; x_wconf 86' lang='lat' dir='ltr'><strong>e.</strong></span> <span class='ocrx_word' id='word_1_286' title='bbox 440 3986 631 4064; x_wconf 88' lang='lat' dir='ltr'><strong>praeseribit,</strong></span> <span class='ocrx_word' id='word_1_287' title='bbox 654 3986 747 4049; x_wconf 87' lang='lat' dir='ltr'><strong>iubet.</strong></span> 
     </span>
    </p>
   </div>
   <div class='ocr_carea' id='block_1_9' title="bbox 82 4114 1362 4409">
    <p class='ocr_par' dir='ltr' id='par_1_11' title="bbox 82 4114 1362 4409">
     <span class='ocr_line' id='line_1_33' title="bbox 166 4114 1362 4200; baseline 0.003 -23"><span class='ocrx_word' id='word_1_288' title='bbox 166 4114 347 4188; x_wconf 85' lang='lat' dir='ltr'><strong>continebit)</strong></span> <span class='ocrx_word' id='word_1_289' title='bbox 380 4114 478 4180; x_wconf 83' lang='lat' dir='ltr'><strong>intell.</strong></span> <span class='ocrx_word' id='word_1_290' title='bbox 512 4135 576 4178; x_wconf 87' lang='lat' dir='ltr'><strong>enm</strong></span> <span class='ocrx_word' id='word_1_291' title='bbox 607 4118 694 4194; x_wconf 81' lang='lat' dir='ltr'><strong>duci,</strong></span> <span class='ocrx_word' id='word_1_292' title='bbox 729 4117 779 4180; x_wconf 85' lang='lat' dir='ltr'><strong>vel</strong></span> <span class='ocrx_word' id='word_1_293' title='bbox 814 4119 976 4180; x_wconf 84' lang='lat' dir='ltr'><strong>ducendam</strong></span> <span class='ocrx_word' id='word_1_294' title='bbox 1012 4135 1092 4181; x_wconf 82' lang='lat' dir='ltr'><strong>esse.</strong></span> <span class='ocrx_word' id='word_1_295' title='bbox 1139 4117 1362 4200; x_wconf 81' lang='lat' dir='ltr'><strong>Breviioqnen-</strong></span> 
     </span>
     <span class='ocr_line' id='line_1_34' title="bbox 83 4230 1360 4314; baseline 0.001 -22"><span class='ocrx_word' id='word_1_296' title='bbox 83 4234 143 4311; x_wconf 77' lang='lat' dir='ltr'><strong>tin:</strong></span> <span class='ocrx_word' id='word_1_297' title='bbox 181 4231 341 4310; x_wconf 72' lang='lat' dir='ltr'><strong>Wyttenb.</strong></span> <span class='ocrx_word' id='word_1_298' title='bbox 376 4230 412 4291; x_wconf 84' lang='lat' dir='ltr'><strong>ad</strong></span> <span class='ocrx_word' id='word_1_299' title='bbox 449 4231 582 4309; x_wconf 77' lang='lat' dir='ltr'><strong>biciogg.</strong></span> <span class='ocrx_word' id='word_1_300' title='bbox 616 4231 725 4295; x_wconf 83' lang='lat' dir='ltr'><strong>histor.</strong></span> <span class='ocrx_word' id='word_1_301' title='bbox 760 4237 792 4296; x_wconf 90' lang='lat' dir='ltr'><strong>et</strong></span> <span class='ocrx_word' id='word_1_302' title='bbox 824 4235 855 4295; x_wconf 86' lang='lat' dir='ltr'><strong>in</strong></span> <span class='ocrx_word' id='word_1_303' title='bbox 887 4233 1005 4299; x_wconf 84' lang='lat' dir='ltr'><strong>Platon.</strong></span> <span class='ocrx_word' id='word_1_304' title='bbox 1042 4233 1196 4298; x_wconf 86' lang='lat' dir='ltr'><strong>Phaedon.</strong></span> <span class='ocrx_word' id='word_1_305' title='bbox 1231 4253 1263 4314; x_wconf 87' lang='lat' dir='ltr'><strong>p.</strong></span> <span class='ocrx_word' id='word_1_306' title='bbox 1292 4239 1360 4296; x_wconf 77' lang='lat' dir='ltr'><strong>eta.</strong></span> 
     </span>
     <span class='ocr_line' id='line_1_35' title="bbox 82 4346 220 4409; baseline -0.007 -2"><span class='ocrx_word' id='word_1_307' title='bbox 82 4346 220 4409; x_wconf 80' lang='lat' dir='ltr'><strong>ilEiNit.</strong></span> 
     </span>
    </p>
   </div>
   <div class='ocr_carea' id='block_1_10' title="bbox 0 0 1450 4710">
    <p class='ocr_par' dir='ltr' id='par_1_12' title="bbox 0 0 1450 4710">
     <span class='ocr_line' id='line_1_36' title="bbox 0 0 1450 4710; baseline 0 0"><span class='ocrx_word' id='word_1_308' title='bbox 0 0 1450 4710; x_wconf 95' lang='lat' dir='ltr'><strong> </strong></span> 
     </span>
    </p>
   </div>
  </div>
 </body>
</html>
