2888 4710
514 188 924 271 anoualdus

175 432 338 527 quibus
369 428 619 502 attributae
652 438 829 519 essent,
859 421 906 515 Ο.
927 423 975 499 l).
994 419 1105 497 ltili.
1125 420 1169 496 F.
1186 418 1232 493 P.
1249 416 1349 493 Itu.

174 548 221 620 lt.
236 548 273 622 J.
289 544 335 623 G.
373 545 447 623 Uti
471 544 530 618 iis
555 565 696 639 usque
722 552 923 615 maneret
947 537 1194 612 attributio
1220 558 1357 632 uqua·‚

174 688 281 758 runt,
318 661 525 758 exeeptis
558 682 669 757 quae
702 664 744 730 in
770 680 895 730 usunr
919 654 1174 729 balnearum
1203 648 1370 725 essent'

177 779 306 853 datae
344 788 418 851 aut
453 775 656 873 Augusti
694 779 888 866 nomine,
929 768 1072 867 quoad
1107 765 1251 841 iidem
1280 764 1351 840 do·

176 901 283 969 rnini
308 891 606 991 possiderent
631 889 674 963 id
699 890 860 983 solum,
895 893 936 961 in
962 909 1045 986 quo
1071 884 1352 983 accepissent

175 1037 195 1084 a
234 1035 342 1084 uanr.

75 1124 150 1201 109
205 1035 345 1204 (lcum
373 1147 504 1198 vacare
530 1124 667 1219 aliquae
694 1128 888 1219 coeperunt
910 1141 1042 1214 aquae,
1076 1115 1298 1190 annuntiatur
1316 1094 1354 1189 ¹et

174 1249 207 1316 in
240 1247 510 1317 commentarios
536 1239 724 1337 redigitur,
761 1242 820 1333 qui
846 1236 1095 1335 respiciuntur,
1131 1242 1173 1307 ut
1197 1230 1351 1331 petitori·

170 1573 285 1636 Tamen
302 1573 376 1639 Scb.
391 1574 485 1652 legit2
506 1574 635 1636 haustae
656 1577 756 1647 (anter
767 1573 832 1634 doru
843 1569 926 1635 Titei
943 1571 998 1632 des
1010 1564 1211 1649 Sobdpiens).
1238 1566 1355 1631 Diserte

168 1673 214 1734 V²
236 1682 394 1755 aequatae.
417 1677 448 1735 et
468 1673 536 1737 edd.
559 1692 662 1737 omnes
682 1676 824 1753 Aaqase.

211 1773 246 1834 id
265 1772 378 1846 solam)
399 1771 446 1834 Vt
468 1793 489 1834 a
509 1773 568 1834 sod.
611 1775 685 1837 ut:
707 1773 829 1837 nasot

212 1874 243 1933 in
265 1878 339 1952 qao)
369 1869 443 1934 Scb.
466 1874 497 1934 et
517 1871 623 1936 Heinr.
644 1876 816 1953 proponunt
837 1877 868 1934 in
889 1869 980 1955 qaod.

93 1970 140 2022 109
214 1970 355 2053 aliquae)
378 1968 462 2035 GU:
484 1972 635 2053 aliaeque.
952 2051 955 2055 ⁸

211 2063 392 2152 coeperant]
415 2070 460 2132 V:
484 2076 628 2153 ceperint.
672 2068 750 2133 Scbt
773 2075 938 2153 coeperint.

210 2166 349 2251 annunt.)
386 2167 417 2230 V
437 2170 477 2231 Εἰ
507 2169 631 2233 ainana
673 2170 781 2246 Pergit
811 2170 856 2231 V:
883 2173 915 2230 in
944 2188 1020 2231 corn.
1049 2186 1106 2230 cm.
1133 2178 1175 2232 et.
1216 2167 1352 2230 liddar‘r

171 2273 470 2352 eomrnentariosqae.

212 2367 410 2443 intercidere)
431 2368 489 2429 ut.
511 2387 562 2448 pr,
585 2367 788 2432 introducere.
828 2369 864 2430 J:
885 2368 1077 2430 interdicere.
1108 2365 1250 2430 Praestat
1271 2364 1349 2427 codd

169 2465 281 2544 lectio,
310 2486 395 2550 quan
423 2466 495 2529 nribi
522 2467 574 2529 iile
603 2471 712 2529 tanturn
739 2469 855 2530 dubiam
884 2469 1014 2546 iaceret,
1042 2467 1092 2547 qui
1119 2465 1227 2542 iegere
1254 2462 1349 2527 maliet

170 2568 362 2648 intercipere.
387 2564 477 2628 Pon.
505 2566 602 2628 uttan
624 2566 689 2629 VB
709 2572 742 2630 et
761 2567 799 2629 al.
821 2587 891 2637 reor
910 2567 1104 2630 interdicere.
1148 2563 1233 2631 Fsst
1255 2567 1348 2625 iratre-

169 2663 291 2727 dacere.
334 2664 406 2729 Scir.
428 2668 481 2728 (ei.
503 2666 557 2728 lv.
577 2672 590 2728 1
612 2666 673 2730 fin.)
694 2667 793 2744 legite
815 2667 886 2729 Has
906 2668 1029 2749 aquarii
1048 2668 1151 2727 erana
1172 2662 1348 2725 interdicere

167 2764 318 2826 subderat.
360 2766 493 2847 Aquarii
525 2768 676 2845 correxit,
709 2769 742 2826 ut
772 2764 914 2844 baberet,
946 2784 1005 2847 quo
1033 2764 1162 2826 referret
1188 2761 1347 2841 anetae

167 2881 330 2946 quanquam
350 2868 471 2926 vertere
491 2869 612 2943 poterat
634 2883 724 2944 „nan
746 2864 896 2944 pdegte“.
939 2860 990 2927 Gi.
1010 2863 1142 2926 Auuott.

209 2963 307 3024 medio
328 2969 435 3045 temp.)
458 2963 513 3024 Fu.
535 2984 586 3044 pr:
608 2963 695 3025 modo
719 2975 748 3025 et
768 2974 857 3046 temp.
889 2963 934 3028 F:
952 2962 1043 3026 modo
1064 2972 1153 3046 temp.

209 3061 254 3124 at.
276 3066 374 3125 etiarn.
406 3062 496 3124 Ham.
517 3066 626 3126 ciram)
660 3060 772 3142 codd,
809 3063 857 3125 ed.
883 3081 931 3144 pr.
957 3066 989 3126 et
1014 3062 1062 3125 ed.
1089 3067 1151 3125 vet
1195 3060 1347 3144 0psopoei

167 3162 304 3243 aliaeque
325 3162 453 3224 noted:
475 3161 518 3222 ai.
530 3165 630 3224 etiam.
655 3161 746 3224 Ham.
768 3165 859 3224 etiam
878 3165 985 3224 visan
1014 3161 1145 3225 Secutus
1162 3182 1227 3224 sunr
1245 3161 1348 3243 (ipso-

167 3281 293 3341 poeurn,
321 3260 404 3341 prius
424 3264 515 3322 etiam
535 3261 728 3340 retineutent,
755 3263 911 3341 posterius
934 3260 1091 3325 delentem.
1133 3262 1281 3325 Dubitari
1302 3266 1349 3325 n-

165 3379 249 3441 men,
282 3380 350 3421 narn
377 3362 548 3423 Idumaniae
575 3369 673 3421 autem
704 3365 789 3422 esset
816 3359 1042 3423 restituendum.
1083 3359 1242 3424 ineratus
1268 3362 1348 3441 prius

165 3463 256 3520 etiam
277 3460 402 3522 delerit.
445 3458 537 3524 Pon
579 3455 676 3519 Codd.
698 3462 860 3522 assentitur
887 3459 920 3522 F.
962 3460 1122 3522 Editiones
1142 3463 1214 3541 post
1234 3460 1272 3521 J:
1298 3466 1350 3521 aar

167 3559 252 3619 aliia.
278 3559 368 3621 Hane.
391 3564 491 3624 etiam.
519 3575 594 3641 quae
617 3561 813 3637 transponere
833 3558 935 3638 piacet
953 3558 1011 3620 itai
1033 3563 1126 3622 enare
1145 3559 1230 3621 aliia.
1261 3558 1348 3622 aaa

165 3667 271 3721 aatem.
298 3657 400 3740 Atque
425 3677 489 3720 curn
511 3659 540 3720 in
556 3658 575 3719 J
592 3659 774 3737 expriruatur
787 3656 957 3720 Hemoniae
972 3656 1005 3722 'ei
1023 3660 1062 3730 (i.
1074 3676 1103 3718 e.
1121 3658 1238 3737 etiarn),
1262 3656 1347 3737 Scb.‚

165 3761 358 3836 permutatum
379 3756 438 3820 boc
460 3778 523 3820 cunr
546 3748 580 3823 nt
602 3761 640 3838 (ἰ.
658 3776 686 3819 e.
709 3767 823 3833 autem)
848 3758 1002 3838 iudicans,
1025 3757 1161 3838 reposuit
1180 3757 1350 3821 Hemoniae

167 3865 273 3918 aetem.

207 3951 336 4036 dieram]
359 3970 418 4016 our.
441 3957 470 4018 in
494 3956 575 4022 UV.

208 4055 418 4136 disperarent)
442 4055 467 4120 Ο
490 4057 533 4124 U:
553 4063 728 4140 pertineret.
749 4061 803 4124 De
822 4080 913 4143 aqna.
937 4059 967 4122 V
987 4060 1029 4122 F:
1049 4061 1183 4140 pertinet
1202 4055 1242 4118 de
1257 4075 1350 4140 aqua.

163 4156 306 4217 breunam
336 4151 386 4214 bie
415 4175 508 4232 esse,
531 4166 692 4223 senserunt
714 4160 913 4223 vetustissimi
936 4160 1086 4222 editores:
1125 4176 1209 4240 quarn
1237 4158 1351 4236 priruus

165 4253 303 4336 explerit
322 4251 473 4317 locandus
495 4259 558 4320 sic:
577 4262 750 4340 pertineret,
772 4264 947 4340 eriperent.
971 4259 1095 4322 Corrad.
1119 4256 1233 4320 etSeh.
1258 4274 1351 4336 repo-

159 4358 234 4417 aaut
250 4354 461 4437 providerent,
483 4355 587 4419 Heiur.
607 4369 754 4442 peterent.
777 4379 809 4420 v.
831 4361 957 4423 Annott.
