2888 4710
576 158 901 238 bunnuaria.
1260 159 1381 237 XXV

81 399 164 469 taio
193 393 319 470 collata
344 392 545 468 reducenda
570 398 628 491 sit,
665 393 876 491 respondeo,
910 396 1093 492 repetitam
1119 418 1197 468 eam
1222 416 1308 469 esse
1333 414 1379 467 ex

84 526 218 601 oodioe
243 528 432 602 Vatioano.
494 528 613 603 Mirus
656 531 693 601 in
730 525 786 600 bis
820 526 920 600 libris
952 535 1008 599 est
1040 531 1276 623 pessimarum
1300 525 1378 599 leo-

83 664 226 733 tiouum
251 661 568 756 ooniusionnmque
594 682 814 752 consensus3
853 666 957 756 atque
991 659 1212 756 corruptelae
1237 663 1273 731 in
1297 655 1378 731 edi-

83 796 199 887 tione,
240 801 279 866 ut
302 791 350 890 fit,
386 797 524 891 passim
548 791 653 864 latius
680 780 911 885 effunduntur,
947 813 1052 886 quam
1072 801 1159 864 sunt
1183 790 1218 863 in
1244 787 1378 864 oodioe.

84 923 230 998 Verum
258 927 361 999 etiam
387 949 456 1000 non
489 924 679 997 distituitur
710 923 1000 1020 proprietatibus:
1041 947 1088 996 ex
1120 923 1248 1020 quibos
1274 921 1377 994 oolli-

84 1078 171 1154 gaS,
212 1057 318 1132 alium
351 1080 491 1154 quoque
527 1055 684 1129 codicem
718 1056 761 1130 ab
797 1053 929 1128 editore
954 1056 989 1126 in
1014 1078 1120 1129 usum
1147 1056 1261 1129 luisse
1288 1077 1376 1131 oon-

84 1212 247 1286 versum,
273 1188 366 1264 unde
391 1190 550 1283 lacunae,
579 1211 670 1285 quae
695 1193 731 1261 in
747 1186 923 1260 Vaticano
949 1197 1077 1282 patent,
1106 1188 1175 1260 siut
1200 1186 1375 1283 expletae,

84 1320 245 1397 sortasse
271 1327 376 1396 etiam
416 1321 620 1420 deprompta
660 1345 714 1415 ea,
756 1343 847 1417 quae
884 1319 963 1393 sola
1001 1317 1057 1392 lrio
1095 1319 1165 1392 illio
1202 1323 1377 1417 integram

82 1453 247 1527 Frontini
273 1478 411 1528 manum
437 1463 592 1528 servant.

187 1585 364 1660 Venimus
391 1586 436 1659 ad
461 1591 646 1684 egregiam
681 1585 736 1659 ed.
761 1583 941 1658 ertinam
975 1607 1042 1656 seu
1066 1580 1232 1679 Joeundi,
1253 1603 1377 1678 .quam

82 1717 121 1790 in
145 1714 295 1792 Annott.
320 1718 484 1816 significo
512 1717 719 1816 compendio
743 1717 780 1791 J.
832 1715 949 1793 Cuius
983 1715 1073 1789 huno
1103 1716 1238 1817 titulum
1265 1714 1378 1789 adfert

81 1848 246 1923 Polenus
286 1849 457 1947 (Proleg.
483 1876 517 1948 p.
542 1847 637 1947 22):
683 1849 942 1923 Vitruvius
981 1859 1024 1922 et
1060 1848 1317 1922 Frontinus
1345 1872 1377 1921 a

79 1979 295 2057 Jooundo
328 1983 479 2057 revisi
511 1987 872 2080 repurgatique,
915 1992 1125 2077 qnantum
1150 2006 1204 2054 ex
1228 1979 1374 2055 oolla-

80 2112 214 2188 tione
258 2114 403 2188 lioirit.
479 2115 752 2190 Florentiae
804 2139 866 2188 an.
917 2110 1027 2187 1513.
1103 2110 1376 2210 Sumptibns

80 2245 295 2345 Philippi
329 2246 382 2321 de
416 2243 600 2324 Giunta.
638 2244 748 2345 (12).
798 2246 968 2320 Frontino
994 2243 1200 2343 praefigitur
1226 2242 1376 2342 epistola

79 2377 183 2453 baeo.
232 2378 424 2455 Juliano
445 2377 660 2454 Medione
688 2379 836 2453 irater
855 2376 1184 2460 Jo,Joouudus
1211 2374 1375 2456 slei).

82 2511 241 2605 ,Julium
265 2512 473 2587 Frontinum
499 2511 543 2586 de
569 2511 857 2610 aquaeductibus
898 2511 1027 2609 optime
1051 2511 1206 2606 Juliane,
1244 2509 1375 2583 Vitru-

76 2643 186 2717 viano
213 2641 326 2718 oodioi
352 2643 588 2718 adiiciundum
612 2644 778 2739 iudicavi,
814 2644 958 2717 materia
983 2641 1144 2717 eiusdem
1170 2642 1375 2739 disciplinae

77 2779 261 2873 exigente,
301 2798 428 2873 quern
464 2801 559 2851 eum
593 2801 678 2850 uno
712 2776 945 2851 dumtaxat
978 2774 1236 2874 exemplari
1270 2798 1375 2848 oon-

76 2907 178 2981 tuli.
228 2905 301 2986 out
339 2919 456 2983 tamen
494 2919 660 3006 quantum
696 2906 861 3003 additum,
904 2917 1138 3004 quantumque
1176 2908 1212 2981 in
1249 2907 1375 2980 melius

73 3039 309 3116 reformatum
333 3045 391 3138 sit,
431 3065 477 3116 ex
504 3041 690 3116 collatione
716 3042 983 3139 impressorum,
1024 3064 1115 3136 quos
1142 3064 1233 3112 nuno
1257 3061 1374 3135 usque

73 3172 288 3271 bibliopolae
323 3174 618 3270 circumtulerunt,
668 3174 848 3272 explorari
882 3177 1030 3272 poterit3
1085 3196 1155 3246 non
1189 3170 1284 3268 quod
1317 3195 1374 3244 me

75 3305 279 3379 existimem
301 3306 416 3402 illum,
444 3331 512 3380 seu
535 3308 638 3380 etiam
650 3305 873 3404 Vitruvium,
903 3305 947 3380 ad
975 3306 1151 3403 integrum
1170 3303 1373 3402 redegisse,

73 3436 331 3536 sed-utrosque
347 3449 463 3512 tamen
477 3440 592 3513 minus
610 3439 822 3515 dilaceratos
847 3439 1077 3538 pluribusque
1098 3437 1374 3535 scaturiginibus

71 3579 290 3668 repurgatos
324 3570 528 3669 protulisse.
595 3570 641 3651 Si
684 3583 767 3672 post
807 3596 864 3647 me
907 3571 998 3645 alius
1037 3571 1116 3667 quis
1157 3569 1375 3644 fidelioribus

73 3702 338 3801 exemplaribus
365 3715 401 3778 et
426 3728 469 3778 ea
496 3703 674 3803 diligentia
701 3715 806 3803 atque
832 3702 971 3800 iudioio,
1002 3728 1091 3800 quae
1116 3705 1152 3776 in
1177 3701 1375 3776 huiusmodi

72 3857 161 3908 oura
189 3859 281 3933 opus
309 3860 395 3912 esse
420 3847 626 3934 noscuntm·,
670 3860 760 3910 usus
787 3836 901 3932 luerit,
938 3836 1059 3910 forsan
1086 3859 1151 3910 eos
1176 3837 1223 3909 ita
1249 3860 1373 3908 emun-
1416 3900 1422 3906 .

75 3966 183 4064 dabit,
228 3979 267 4042 ut
302 3971 362 4066 qui
397 3970 526 4068 legerit
559 3967 676 4067 ipsum
700 3969 905 4042 Vitruvium
938 3951 1126 4044 valeriam
1153 3970 1370 4062 Frontinum,

72 4121 141 4173 sua
175 4123 353 4198 quemque
388 4103 609 4200 profitentem
643 4125 686 4175 se
721 4102 842 4177 andire
875 4113 1030 4176 censeat.
1080 4102 1166 4200 Fgo
1192 4126 1256 4198 pro
1282 4101 1374 4174 virili

72 4257 152 4308 mea
179 4234 260 4329 leoi,
292 4234 385 4331 quod
412 4237 528 4334 potui3
556 4236 613 4308 alii
639 4235 674 4307 in
700 4235 756 4332 iis,
783 4237 843 4311 vel
869 4237 958 4330 aliis,
989 4258 1136 4329 quorum
1162 4235 1265 4310 nobis
1284 4236 1372 4309 reli-

76 4368 180 4465 quiae
207 4377 383 4464 oonstant,
411 4362 612 4444 tantundem
638 4370 670 4442 si
696 4369 844 4445 iecerint
870 4367 1093 4462 conferendo,
1130 4377 1236 4442 etex
1261 4368 1373 4442 oolla-
