2888 4710
420 185 493 261 ott
517 184 707 280 AQUAE
732 188 1013 269 DUG'I'IBUS.

72 442 257 492 numerum
281 425 377 493 eirca
403 418 529 493 duetus
556 432 655 496 extra
671 421 822 518 Urbem,
850 436 984 498 eertum
1005 423 1040 495 in
1055 421 1154 499 Urbe
1174 444 1256 495 ser-

74 559 198 607 vornm
226 534 388 630 opificum
414 535 578 630 habendi,
606 538 799 635 etquidem
821 545 884 613 itu.
911 553 949 612 ut
964 540 1102 612 nomina
1119 560 1257 634 quoque

73 674 215 744 eorum,
243 675 333 746 quos
354 649 501 735 babituri
523 665 645 726 essent
669 656 703 727 in
724 655 916 729 ministerio
942 679 1006 752 per
1020 676 1179 750 quasque
1195 676 1256 725 re-

72 769 219 865 giooeS,
252 767 286 839 in
311 766 449 840 tubulas
475 769 633 866 publicas
659 769 852 861 desen·ent;
892 793 1082 866 eorumque
1113 791 1260 866 operum

71 882 333 987 probandorum
366 909 484 958 curum
516 884 629 958 inisse
660 909 771 982 penes
797 883 983 961 Censores
1014 884 1198 982 aliquando
1225 898 1260 955 et

71 999 248 1095 Aedilem
288 999 457 1073 interdum
498 1001 599 1074 etiem
636 997 896 1093 Quaestoribus
935 1025 1011 1075 eam
1044 1000 1260 1099 provinciam

72 1115 286 1209 obvenisse,
312 1126 353 1189 ut
378 1127 522 1213 apparet
547 1141 592 1189 ex
618 1114 661 1193 S.
676 1115 740 1211 0.,
768 1115 861 1215 quod
886 1117 1016 1192 iactum
1041 1128 1097 1191 est
1122 1114 1168 1193 G.
1189 1115 1258 1188 ln-

73 1233 169 1306 oinio
195 1229 366 1310 Caesulla
392 1242 428 1305 et
454 1229 501 1322 Ο.
526 1232 639 1307 Fabio
666 1231 901 1311 Censoribus.

117 1569 233 1623 certum
252 1565 284 1622 in
306 1561 403 1638 Urbe)
424 1563 470 1657 Itu
490 1565 510 1626 J
531 1570 563 1627 et
583 1585 645 1631 reo.
667 1568 725 1639 (Bt
747 1576 778 1630 et
798 1573 908 1640 cert),
931 1568 1000 1628 item
1021 1565 1089 1627 Pol.
1111 1563 1186 1628 Sub.
1207 1562 1257 1624 le-

76 1659 128 1736 git
150 1663 231 1721 intra
254 1661 372 1726 Urbem.
414 1663 458 1725 At
478 1667 510 1726 in
532 1664 627 1726 tribus
648 1667 737 1727 oodd.
759 1671 792 1728 et
811 1667 834 1729 F
856 1666 947 1727 video
969 1675 1087 1727 eentum
1108 1664 1147 1727 ab
1169 1664 1259 1728 Urbe.

75 1760 204 1821 Centum
231 1768 402 1842 corruptum
430 1769 478 1825 est
507 1784 547 1827 ex
575 1776 699 1828 certum.
733 1765 804 1826 =Sed
831 1765 902 1847 qnid
931 1763 1119 1826 statuendum
1146 1767 1196 1826 est
1222 1763 1260 1825 de

75 1858 135 1920 iilo
156 1859 196 1920 ab
220 1856 324 1924 Urbe?
364 1864 416 1925 An
436 1863 496 1925 troo
517 1866 560 1925 itu
580 1863 707 1941 diotum,
730 1867 762 1924 nt
782 1882 891 1925 servus
911 1863 1098 1945 etpedibus,
1119 1881 1141 1924 a
1160 1881 1261 1937 man,

77 1953 163 2022 etot
191 1958 242 2023 Cf.
262 1961 419 2025 Artllo:
440 1981 549 2025 servus
570 1982 591 2023 a
602 1968 737 2045 punctis.
766 1961 879 2026 Contra
898 1981 1085 2042 eaoomprrs
1104 1961 1261 2026 Arsrrr:

76 2060 203 2142 aliquos
223 2069 312 2123 extra
334 2061 442 2125 Urbem
462 2083 532 2125 esre
551 2073 684 2143 oportet.
713 2062 824 2127 Ome
843 2066 876 2124 in
898 2062 978 2125 Urbe
998 2067 1059 2124 eto.

119 2169 152 2222 et
173 2159 274 2242 prid.)
297 2156 341 2222 G:
362 2181 400 2222 ea
421 2161 525 2244 puid.,·
547 2163 585 2223 de
606 2180 664 2244 qua
683 2164 831 2224 varietate
852 2181 885 2223 r.
907 2161 944 2222 ud
966 2159 1033 2224 Art
1050 2163 1102 2221 ot
1130 2158 1212 2222 VF:
1233 2167 1265 2222 rt

78 2264 133 2342 qui
152 2263 210 2322 ita.

119 2358 194 2424 dab.
214 2365 332 2434 essert)
353 2359 400 2423 V:
421 2370 501 2422 eunt.
528 2359 547 2420 J
568 2365 600 2422 et
620 2377 688 2424 reo:
710 2371 808 2422 aaut.

120 2482 218 2545 penes
239 2460 406 2532 Censores)
425 2457 509 2520 Libri
531 2478 635 2521 omnes
652 2479 712 2541 per
731 2459 821 2521 Ceno.
844 2458 932 2546 Quod
952 2477 1009 2521 nos
1031 2457 1171 2538 exemplo
1192 2456 1260 2522 Pol.

82 2568 114 2625 et
136 2560 213 2625 Sob.
235 2559 405 2634 edidimus,
434 2560 602 2623 emendatio
626 2562 683 2621 est·
695 2555 817 2619 Pitboei
845 2561 942 2628 (teste
964 2556 1117 2637 0psop‚)‚
1145 2557 1264 2619 omniuo

80 2659 268 2744 probabilis,
291 2660 347 2719 itm
368 2662 492 2738 receptu
513 2677 531 2719 o
551 2657 663 2734 Pigbio
684 2657 767 2719 Ann.
787 2656 826 2718 T.
836 2655 892 2718 ΙΙΙ.
914 2676 946 2737 p.
959 2661 1026 2718 130.
1047 2657 1153 2720 Heinr.
1166 2663 1264 2718 umen

79 2781 188 2825 rursus
209 2760 345 2822 correxit
363 2777 432 2840 per.

123 2865 216 2924 etiam
238 2851 476 2949 Quueetoribtro)
498 2855 528 2918 V
545 2860 578 2918 et
592 2856 668 2918 edd:
689 2855 881 2920 censoribus.
902 2854 1003 2932 falso,
1025 2872 1089 2916 enm
1110 2854 1199 2917 modo
1216 2852 1267 2914 le-

80 2962 238 3040 gerimus:
258 2977 353 3039 pereo
375 2956 528 3018 Censores
548 2955 713 3037 aliquando
735 2966 766 3019 et
784 2955 923 3018 Aediles.
945 2953 1091 3016 Pithoeus
1111 2955 1263 3016 correxit:

80 3057 276 3125 emuntur.
303 3073 482 3137 perperam,
514 3058 638 3134 opinor,
668 3073 788 3117 munero
817 3054 877 3117 boc
906 3052 1090 3119 Consulibus
1120 3055 1265 3114 iniuncto.

82 3162 187 3248 Quare
208 3174 274 3218 oum
296 3155 365 3218 Pol.
388 3153 456 3218 GV
475 3162 598 3218 secutus
619 3174 699 3232 snm,
724 3159 886 3234 propterea
907 3155 987 3236 quod
1008 3153 1045 3215 ed
1067 3155 1265 3242 quaestorum

79 3259 291 3336 mgistratum
312 3254 383 3317 tulis
404 3271 475 3314 oure
496 3256 593 3331 magis
613 3256 765 3334 pertinere
786 3259 915 3334 poterut.

124 3379 167 3422 er
185 3357 222 3420 S.
239 3355 275 3419 C.
296 3350 400 3438 pund]
421 3354 597 3415 Emendatio
614 3352 736 3415 Pitboei
757 3359 822 3431 est,
844 3354 882 3415 ab
903 3351 1116 3432 interpretibus
1131 3349 1268 3429 probatu.

79 3458 169 3522 ituri
199 3472 304 3517 omnes
330 3473 370 3516 ezr
393 3471 430 3515 ro
453 3453 542 3534 quod.
573 3453 653 3534 qnod
675 3454 824 3515 retinuere
846 3451 990 3529 Corrad,
1018 3449 1092 3513 Sub.
1114 3453 1269 3522 (vertensz

80 3560 144 3621 wie
172 3574 229 3618 aus
259 3554 324 3614 dem
349 3552 522 3630 Vorgunge
552 3555 637 3615 unter
663 3553 721 3614 den
743 3550 899 3615 Censoren
921 3551 1056 3614 Licinius
1076 3551 1136 3611 nnd
1154 3549 1268 3610 Fabius

82 3654 237 3727 enodet]
257 3656 291 3715 et
309 3651 413 3713 Heinr.
1174 3731 1206 3742 -

125 3759 163 3822 C.
184 3754 309 3817 Licinio
330 3751 477 3815 Caesetio
497 3754 574 3825 eto.)
605 3749 651 3814 G:
679 3752 817 3832 elpeprrio
845 3752 889 3824 (i.
913 3770 941 3812 e.
963 3749 1000 3814 C.
1021 3748 1153 3822 Licinio]
1180 3747 1271 3809 orate

83 3868 116 3922 et
135 3855 226 3938 fabio
248 3849 436 3914 emoritur.
472 3849 517 3913 U:
539 3852 573 3914 C.
596 3851 721 3913 Licinio
743 3849 1135 3923 ooesute(s10]etFabto
1158 3865 1270 3914 meo-

85 3957 184 4021 ribus.
211 3952 260 4015 V:
281 3951 315 4014 C.
336 3951 469 4012 diciano
491 3969 578 4011 eous.
600 3960 631 4013 et
651 3950 751 4013 Fabio
772 3970 855 4013 oens.
891 3950 975 4014 Edd:
997 3950 1032 4013 C.
1052 3948 1185 4012 bimam
1207 3949 1272 4012 Ge-

85 4057 160 4122 uta
179 4063 213 4118 et
230 4050 281 4115 M.
303 4049 403 4112 fabio
424 4048 618 4113 Conseritur.
659 4050 793 4114 biniano
819 4049 992 4130 corruptele
1012 4052 1076 4127 est,
1102 4053 1272 4129 propagato

85 4177 131 4220 ex
151 4155 282 4218 absona
301 4150 418 4212 oodiois
440 4146 468 4209 U
489 4148 623 4210 lectione
649 4150 775 4212 Licinio
800 4169 856 4230 pro
876 4151 1012 4212 Licinio.
1054 4147 1188 4212 Blondus
1208 4147 1270 4208 ra.

85 4259 157 4320 bins
183 4253 206 4317 L
227 4271 255 4314 o.
276 4248 422 4311 exbibet:
449 4247 487 4311 Ο.
514 4248 661 4312 hortatio
687 4259 719 4311 et
739 4249 860 4312 Corone
876 4249 1070 4312 Cerealibus.
1112 4249 1192 4310 Hioo
1212 4246 1272 4307 viri

63 4354 171 4435 ,dotti
197 4352 251 4415 aiii
276 4347 367 4412 aliter
386 4346 485 4410 ionum
503 4349 738 4412 constituerunt.
779 4345 913 4414 Corrud:
938 4349 975 4412 C.
995 4349 1119 4411 Licinio
1140 4344 1272 4408 Consule

1308 187 1358 265 91
