2888 4710
573 119 896 195 carnoteno.
1143 192 1149 215 ,
1293 110 1373 185 xv

82 358 192 433 tiam
217 356 421 432 adiicere
455 357 642 455 placuit.
693 354 777 429 Art.
810 353 898 428 100:
943 350 1370 428 exsenatuscon·
1418 332 1422 347 ¹

33 496 36 561 ἑ
80 492 215 565 sulto.
272 489 440 566 Nondum
479 488 638 562 codicem
676 512 722 561 ex
761 488 787 561 J
819 511 986 561 manasse
1024 486 1207 558 affirmas?
1257 484 1370 582 Atqui

79 623 268 698 adversari
300 622 473 697 iudicabis
511 620 593 695 Art.
619 619 654 694 5.
689 621 750 696 ubi
782 622 886 719 legit:
939 619 1293 693 substructione
1329 628 1372 691 et

79 780 223 855 supra
255 770 427 830 terram
461 778 599 852 opere
625 766 819 828 arcuato
845 755 1049 850 proxime
1076 751 1143 843 ad3
1176 752 1202 825 J
1229 763 1369 826 contra:

78 888 434 987 subscriptione
461 897 505 961 et
530 912 690 986 supra3
718 897 821 984 atque
850 886 1007 961 codicem
1036 911 1081 959 ex
1108 885 1289 960 edBasil.
1316 908 1370 959 an.

78 1018 203 1119 1530,
239 1021 392 1095 inillam
417 1020 602 1096 lectionem
630 1020 860 1118 conspiranti‚
903 1044 987 1095 esse
1020 1019 1233 1117 descriptum
1261 1018 1370 1095 dices.

77 1154 195 1227 Immo
221 1177 337 1251 neque
363 1179 412 1228 ex
436 1154 548 1229 Basil.
575 1177 690 1250 neque
717 1178 762 1225 ex
787 1153 813 1226 J
840 1177 919 1225 eum
946 1152 1114 1244 fluxisse,
1157 1175 1236 1225 curn
1261 1151 1287 1257 J
1313 1162 1370 1224 ta-

76 1310 162 1361 men
185 1288 374 1361 maximam
400 1287 531 1362 habere
557 1288 709 1362 omnium
736 1309 826 1383 quos
854 1287 1017 1359 novimus
1032 1286 1198 1359 librorum
1225 1285 1371 1382 propin·

78 1418 266 1515 quitatem,
304 1429 340 1493 et
366 1445 411 1493 ex
437 1421 500 1514 iis,
531 1442 623 1516 quae
648 1420 716 1491 iam
742 1420 1005 1516 proposuimus
1034 1432 1179 1515 apparet
1205 1431 1240 1490 et
1265 1440 1371 1513 prae·

78 1552 204 1625 sertim
230 1551 383 1627 elucebit
408 1578 454 1627 ex
479 1554 535 1648 iic,
564 1576 654 1648 quae
682 1551 849 1649 deinceps
876 1551 1101 1649 proponenda
1129 1562 1220 1623 sunt.
1260 1548 1372 1623 Scili-

77 1694 140 1758 cet
165 1681 280 1758 codex
304 1686 393 1783 legit
423 1685 506 1760 Art.
540 1683 584 1759 3:
614 1698 828 1782 quantum
865 1696 993 1758 extra
1027 1685 1193 1775 urbem,
1229 1706 1372 1779 quaa-

75 1830 168 1890 tum
208 1818 349 1915 intra,
394 1819 592 1916 quisque
631 1818 792 1890 arodus
827 1820 1013 1913 cuique,
1060 1820 1261 1914 quoique
1296 1839 1372 1888 re-

74 1950 228 2048 gioni,
262 1974 342 2049 pro
378 1976 462 2026 suo
496 1949 676 2025 modulo
703 1975 1008 2048 unaquaeque
1035 1974 1243 2046 aquarum
1272 1972 1373 2023 ser-

73 2088 189 2158 viat.
238 2081 322 2159 Art.
347 2082 392 2159 5:
421 2081 642 2158 distribui
667 2084 818 2157 Vetus
845 2083 988 2179 Anio,
1025 2085 1127 2156 vico
1154 2081 1373 2156 Publicii.

75 2214 162 2290 Art.
195 2215 239 2290 7:
293 2216 347 2290 ad
381 2216 647 2291 milliarium
689 2219 975 2314 trigesimum
1002 2228 1226 2311 octavum,
1254 2216 1373 2288 sini-

78 2358 295 2423 strorsus
327 2373 467 2448 supra
503 2353 704 2448 aprutium
736 2375 957 2448 passuum
984 2349 1285 2423 ducentorum
1311 2349 1371 2421 si·

77 2482 177 2555 nita
202 2456 641 2558 substructionibus
667 2507 780 2581 pene
808 2485 957 2556 statim
980 2485 1196 2580 stagnino
1219 2483 1373 2556 colore

76 2615 349 2712 praeviridi.
400 2616 482 2689 Art.
508 2614 577 2689 88:
613 2641 698 2690 non
732 2640 838 2689 esse
875 2641 967 2689 eam
1003 2615 1254 2714 ponendam
1279 2618 1373 2688 nisi

77 2770 209 2842 quom
251 2760 560 2823 consummata
604 2750 753 2822 suerit.
812 2749 972 2823 Easdem
1007 2774 1158 2847 prorsus
1201 2749 1372 2823 lectiones

76 2879 372 2977 deprehendimus
399 2884 433 2956 in
459 2884 619 2980 Jiisque
647 2907 737 2978 quae
763 2881 960 2981 posthanc
986 2907 1143 2957 excusae
1170 2894 1253 2955 sunt
1278 2882 1369 2976 edd,
1425 2973 1433 2995 .

75 3014 147 3087 nisi
174 3012 268 3111 quod
291 3015 376 3093 Art
401 3013 427 3088 3
451 3017 592 3113 ignorat
628 3015 849 3112 quoique,
885 3015 958 3090 Art
983 3013 1009 3091 5
1034 3027 1116 3112 post
1149 3013 1248 3089 vico
1277 3013 1372 3088 addit

75 3145 282 3244 publico,
325 3147 408 3222 Art.
435 3148 461 3221 7
492 3174 557 3246 pro
601 3173 742 3249 supra
768 3151 1077 3250 praebetintra‚
1121 3147 1203 3222 Art.
1230 3145 1280 3220 88
1304 3170 1369 3244 pro

75 3302 209 3375 quom
233 3281 322 3379 legit
348 3306 455 3355 cum.
507 3284 609 3370 Quae
635 3285 791 3360 varietas
816 3309 884 3359 nos
898 3285 1071 3358 convertit
1098 3280 1143 3354 ad
1168 3281 1273 3354 alium
1287 3280 1368 3356 ion·

74 3422 169 3505 tem,
204 3436 251 3486 ex
276 3436 346 3510 quo
374 3423 409 3488 et
433 3415 459 3488 J
486 3426 521 3489 et
546 3416 662 3490 codex
686 3428 809 3492 noster
833 3419 944 3515 repeti
970 3415 1114 3510 debent,
1152 3414 1197 3489 ad
1222 3415 1365 3510 iontem,

75 3544 269 3621 editoribus
295 3546 456 3620 Frontini
482 3549 596 3623 adhuc
621 3553 791 3648 ignotum.
840 3550 1017 3623 Nimirum
1042 3573 1111 3623 non
1145 3573 1191 3623 ex
1216 3549 1368 3625 editione

74 3680 220 3774 recenti,
248 3679 316 3754 aed
343 3705 388 3755 ex
415 3682 556 3779 antiquo
583 3683 706 3758 codice
733 3709 812 3778 ms,
843 3681 986 3776 eodem,
1016 3706 1061 3756 ex
1087 3707 1156 3779 quo
1183 3682 1221 3775 J,
1250 3679 1365 3756 codex

72 3811 262 3885 Parisinus
290 3824 347 3887 est
372 3812 584 3912 descriptus.
623 3816 861 3914 Argumentis
887 3814 977 3890 adde
1004 3816 1103 3890 baec.
1154 3814 1362 3909 Lectiones,

73 3967 166 4039 quae
191 3945 226 4019 in
251 3946 346 4020 nullo
372 3949 441 4023 alio
466 3949 556 4023 libro
589 3949 827 4047 inveniuntur,
862 3950 929 4024 sed
955 3949 1035 4023 huic
1060 3949 1174 4024 codici
1200 3949 1363 4047 propriae

73 4087 177 4174 sunt,
212 4080 497 4155 enotanturhae.
548 4081 699 4157 Arci:
736 4083 1235 4185 nossequidsuscepi.
1285 4082 1362 4155 lbi-

74 4210 175 4286 dem:
219 4213 300 4287 sed
334 4239 449 4311 quom.
500 4215 583 4289 Art.
617 4214 658 4290 3:
702 4217 919 4291 cultiores
954 4242 1014 4289 res
1049 4217 1362 4315 appellantes.

71 4342 308 4447 Artdtper
330 4346 827 4428 annosccccxxxxl.
854 4350 992 4427 Art.5:
1009 4352 1362 4441 substructione
