2888 4710
541 202 866 282 PRAEFATIO.
1264 205 1368 283 XXI

76 434 160 530 Art.
184 432 212 509 2
246 434 301 510 ed.
327 462 379 535 pr.
405 434 458 511 ad
483 436 791 511 ministerium
815 448 984 532 tamen,
1021 436 1088 510 sed
1107 435 1194 515 Sch.
1222 447 1366 513 tamen

77 567 130 642 ad
156 569 476 643 ministerium.
502 567 673 643 Aulot
698 568 819 666 edpr.
840 569 970 643 modo
993 581 1035 643 et
1056 582 1272 666 tempore,
1300 568 1368 643 sed

79 697 172 777 Scb.
205 699 334 775 modo
367 712 584 799 tempore.
639 698 723 775 Art.
749 697 823 773 124
857 700 912 774 ed.
943 727 993 799 pr.
1028 702 1183 776 urbem
1217 701 1369 775 desti-

72 841 188 927 tuet,
228 831 295 907 sed
333 830 421 912 Sch.
459 833 614 907 urbem
650 832 836 906 Romam
874 831 1112 907 destituet.
1173 832 1256 907 Art.
1297 831 1371 907 129

74 963 135 1049 ed
163 989 215 1062 pr.
241 964 431 1039 nibilum
456 964 720 1062 abrogatur,
757 963 824 1037 sed
849 963 938 1043 Sch.
964 965 1077 1039 nihil
1104 965 1369 1063 abrogatur.

74 1096 118 1171 ln
144 1097 279 1193 verbis,
320 1119 412 1192 quae
437 1096 483 1170 ad
508 1096 640 1170 calcem
667 1095 722 1169 ed.
747 1097 914 1195 principis
940 1098 1115 1196 leguntur,
1152 1096 1207 1170 ed.
1234 1094 1370 1173 Schul-

73 1229 139 1302 tzii
166 1227 290 1303 babet:
332 1227 380 1301 ln
414 1229 585 1327 spatiis
621 1229 736 1302 enim
770 1233 814 1302 in
848 1228 1023 1303 ordine.
1077 1225 1181 1320 Quae
1214 1230 1370 1305 varietas

74 1384 146 1449 nos
173 1362 281 1458 cogit,
309 1374 346 1433 ut
371 1372 553 1458 utramque
580 1359 635 1434 ed.
661 1361 750 1433 inter
776 1384 818 1433 se
844 1360 1020 1435 diversam
1049 1385 1134 1434 esse
1160 1371 1368 1457 statuamuS,

74 1504 231 1567 attamen
267 1492 415 1567 alteram
451 1517 498 1567 ex
535 1493 645 1567 altera
686 1492 910 1590 descriptam.
989 1493 1050 1568 Ex
1089 1516 1180 1567 aronio
1219 1503 1255 1568 et
1291 1493 1371 1568 loco

76 1625 236 1723 [Venet.
273 1622 409 1721 1495),
456 1625 492 1700 in
537 1623 607 1699 fine
641 1624 950 1722 Panepistemonis
998 1624 1155 1717 adiectiS,
1212 1626 1372 1699 Frontini

73 1757 233 1832 libellum
270 1757 474 1852 mirabilem,
514 1756 563 1830 illi
601 1756 810 1853 subiectum,
851 1755 897 1831 ad
935 1757 1085 1831 eundern
1122 1758 1298 1856 pertinere
1336 1769 1372 1833 et

73 1890 195 1965 locum
221 1899 257 1964 et
280 1914 409 1964 annum
433 1889 614 1984 coniicias,
641 1886 793 1985 ideoque
815 1889 1053 1964 anlorentina
1078 1913 1134 1963 an.
1159 1887 1258 1964 1496
1285 1913 1372 1964 esse

74 2018 272 2097 diversum.
333 2019 443 2096 Haud
478 2020 669 2121 probabilis
707 2020 920 2096 coniectura.
982 2022 1095 2098 Immo
1134 2019 1250 2116 editio,
1275 2103 1280 2109 ,
1304 2046 1373 2118 qua

75 2152 287 2235 Schultzius
327 2177 416 2228 usus
456 2164 532 2261 est,
562 2151 702 2227 videtur
739 2175 825 2229 esse
862 2177 933 2230 una
971 2153 1166 2250 eademque
1199 2177 1279 2229 curn
1312 2155 1373 2229 illa

75 2286 293 2363 Florentino.
369 2286 465 2361 Nam
501 2286 623 2360 titulus
659 2284 754 2361 idem
792 2296 848 2361 est
855 2313 866 2380 3
912 2285 1074 2361 Polenus
1113 2296 1240 2383 autem,
1281 2286 1372 2360 hunc

75 2427 211 2493 tantum
255 2429 291 2492 et
334 2419 495 2517 proxime
532 2429 732 2493 minutatum
769 2442 898 2517 annum
935 2419 1122 2516 locumque
1160 2419 1369 2517 respiciens

75 2549 194 2651 ipsam
217 2550 324 2626 libelli
349 2552 622 2648 inscriptionem,
655 2549 772 2641 medio
797 2550 974 2626 volumine
1000 2560 1208 2643 contentam,
1244 2552 1371 2650 negle-

76 2684 141 2757 xit.
190 2681 312 2778 Adde,
361 2682 454 2780 quod
480 2681 565 2757 Art.
592 2681 667 2756 124
703 2691 853 2780 utraque
892 2682 998 2758 editio
1038 2684 1098 2779 (et
1124 2680 1299 2760 Schultzii
1338 2695 1374 2757 et

77 2814 284 2890 Florentino
321 2840 377 2890 an.
415 2812 539 2909 1496)
581 2814 739 2888 eandem
761 2815 943 2911 ,praebeat
986 2814 1172 2891 lectionem
1217 2815 1373 2890 urbem

75 2946 265 3023 Romam
289 2946 541 3040 destituet3
585 2958 630 3043 et,
666 2947 700 3020 si
724 2946 884 3033 Polenus
910 2947 1010 3046 plura
1035 2970 1082 3020 ex
1107 2970 1174 3020 sua
1200 2944 1256 3021 ed.
1281 2972 1372 3023 eno-

74 3088 204 3174 tasset,
243 3080 368 3178 procul
405 3079 511 3154 dubio
539 3079 723 3178 probatum
760 3079 912 3174 daretur,
955 3089 1139 3176 utramque
1176 3103 1247 3153 non
1285 3103 1371 3157 esse

75 3210 267 3286 diversam.
302 3248 355 3271 ι·-
391 3211 453 3287 Ex
482 3213 652 3286 varietate
692 3235 801 3311 supra
842 3213 1024 3311 proposita
1062 3209 1260 3309 editionem,
1301 3233 1371 3308 qua

76 3340 288 3421 Schultzrus
321 3346 412 3448 usus
444 3354 511 3442 est,
552 3368 637 3419 esse
672 3369 718 3418 en
750 3344 805 3418 ed.
839 3345 996 3443 principe
1026 3343 1154 3418 Poleni
1186 3343 1370 3441 repetitam

76 3474 299 3573 collegimus.
350 3475 521 3552 Attamen
555 3487 622 3575 est,
663 3475 756 3574 quod
789 3487 861 3551 tam
886 3477 1061 3553 Polenum
1094 3499 1198 3573 quum
1232 3474 1373 3565 Schuls

75 3608 188 3683 tuium
212 3609 248 3682 in
273 3607 447 3683 enotanda
478 3611 648 3684 varietate
681 3609 811 3708 ubique
845 3634 898 3706 ea,
940 3631 1008 3707 qua
1040 3608 1101 3683 tali
1133 3609 1168 3684 in
1201 3633 1241 3684 re
1275 3633 1367 3707 opus

76 3750 146 3838 est,
186 3739 257 3816 fide
282 3763 327 3815 ac
349 3739 522 3840 religione
548 3743 673 3841 egisse
697 3741 802 3817 valde
828 3740 1000 3834 dubitem3
1038 3740 1075 3814 id
1100 3739 1194 3839 quod
1218 3741 1254 3814 in
1278 3739 1364 3815 An-

74 3883 160 3949 nott.
185 3875 276 3948 meis
302 3872 395 3949 haud
420 3873 532 3948 semel
558 3872 774 3972 reprehendi.
825 3873 1020 3948 Praeterea
1050 3874 1151 3947 locos
1177 3873 1365 3970 graviores

75 4016 209 4081 tanturn
235 4030 305 4081 non
330 3991 454 4082 omnes
479 4016 553 4082 toto
578 4006 666 4081 libro
693 4006 917 4102 comparanti,
944 4006 1002 4080 illa
1026 4006 1197 4081 lectionis·
1211 4007 1365 4080 varietas

75 4139 207 4215 minimi
240 4138 423 4214 habebitur
454 4161 737 4237 persuasumque
772 4138 874 4212 facile
908 4140 1002 4235 erit,-
1022 4150 1205 4234 utramque
1239 4136 1364 4211 editio-

74 4294 169 4369 nem,
215 4273 390 4347 nonnullis
431 4273 610 4350 erroribus
651 4271 928 4371 typographicis,
968 4271 1193 4369 negligentiis
1226 4268 1365 4345 levibus

75 4403 397 4505 mutationibusque
438 4407 609 4506 exceptis,
657 4374 770 4503 paene
808 4403 890 4477 nihil
925 4402 1074 4476 differre.
1126 4398 1376 4492 Quamobrem
