2888 4710
418 194 490 268 on
516 194 706 288 *rouen
732 193 1007 275 oberrans.
1286 194 1354 271 no

79 450 164 522 eae,
200 448 290 521 quae
324 450 387 524 per
417 427 544 499 tlumen
575 428 801 499 traiieiuntur.
851 426 1009 522 Ideoque
1041 427 1261 525 tneeopna

80 541 231 615 sollicita
258 542 476 615 festinatione
503 542 707 639 explicanda
733 554 824 615 sunt.
855 544 976 617 illinus
1001 543 1145 616 iniuriae
1173 545 1263 616 sub-

80 661 198 730 iacent
222 658 471 753 subterranea,
504 682 570 730 nec
596 657 772 754 gelicidiis
797 683 864 731 nec
890 658 1065 732 caloribus
1092 660 1262 755 exposita.

81 772 181 851 Vitia
207 785 324 848 autern
349 773 522 849 eiusmodi
549 786 647 867 sunt,
676 784 714 845 ut
739 784 798 846 aut
822 799 891 847 non
914 774 1128 871 interpellato
1152 798 1265 869 artpuae

82 912 192 962 cursu
229 890 458 963 subveniatur
495 891 567 981 eis⁷
608 900 667 963 aut
706 889 880 963 emendari
921 891 989 963 nisi
1028 914 1155 962 averso
1194 914 1264 961 non

81 1005 239 1100 possint,
273 1005 364 1077 sieut
396 1028 454 1099 ea,
490 1029 580 1101 quae
612 1006 645 1075 in
677 1006 755 1101 ipso
788 1006 890 1078 alveo
917 1005 992 1078 lieri
1018 1029 1169 1078 necesse
1198 1020 1262 1076 est.

81 1118 186 1192 llaec
218 1118 346 1216 duplici
381 1144 426 1192 ex
458 1144 567 1193 eausa
598 1131 807 1194 naseuntur:
843 1135 903 1194 aut
936 1126 1026 1194 enim
1060 1121 1141 1193 limo
1174 1115 1362 1191 cetri-122

83 1245 286 1331 crescente,
314 1237 371 1332 qui
398 1236 566 1310 interdum
593 1237 625 1309 in
654 1249 806 1311 crustam
832 1236 1038 1329 indurescit,
1067 1238 1134 1309 iter
1152 1261 1263 1332 aquae

638 1510 650 1547 Ι

122 1594 179 1646 out
205 1588 306 1666 enim)
334 1586 424 1647 Enim
454 1605 493 1650 ex
523 1586 589 1650 CJ
615 1589 749 1667 restitui,
778 1607 843 1650 cnm
870 1607 886 1649 a
914 1588 1025 1649 ceteris
1053 1587 1139 1648 libris
1172 1586 1260 1647 absit.
1298 1604 1343 1654 tuo

123 1684 310 1766 indurescit)
333 1685 378 1747 lta
394 1687 483 1746 video
506 1689 537 1749 in
558 1687 642 1764 GU,
664 1690 852 1768 restituitque
869 1689 923 1748 ianr
943 1687 1014 1749 Scb.
1027 1687 1074 1748 V:
1097 1687 1263 1748 nilareseit.

80 1782 167 1847 Edd:
196 1784 340 1849 durescit.
384 1788 510 1850 Scilicet
536 1786 636 1851 littera
660 1809 687 1849 m
710 1787 849 1849 vocabuli
871 1787 1082 1866 praecedentis
1103 1784 1264 1864 praeposi-

74 1881 382 1966 tioncmdabsorbuit.

124 1988 184 2045 iter
204 2004 254 2066 up.
277 1986 395 2065 court.)
429 1986 497 2047 Vl*
519 1991 550 2049 et
571 1988 619 2050 ed.
640 2005 706 2065 pn,
729 1988 798 2048 item
819 1986 886 2047 Pol.
910 1991 942 2049 et
960 1986 1165 2066 posteriores:
1188 1989 1264 2044 iter-

78 2104 139 2167 que
166 2104 265 2167 oquae
292 2094 476 2146 coarctatur.
507 2084 588 2145 nulla
614 2088 753 2164 syntaxi,
782 2104 856 2167 (puae
885 2087 989 2148 saltem
1011 2085 1128 2160 flagitet
1150 2102 1265 2166 quoqne

81 2185 175 2261 (ize.
204 2189 236 2244 et
263 2201 320 2264 epm
348 2184 440 2258 limo)
471 2189 528 2246 iter
554 2204 606 2266 aq.
634 2204 721 2244 cour.
764 2186 803 2246 Jt
832 2188 947 2267 iterque
968 2204 1066 2268 opace
1088 2192 1207 2244 coorto.
1236 2186 1266 2240 et

82 2300 160 2363 vpnae
187 2298 227 2341 ex
255 2299 290 2341 ea
318 2281 432 2343 fluxere
460 2283 538 2344 edd:
567 2287 682 2365 iterque
703 2303 754 2366 oq.
778 2293 928 2345 coarctat.
957 2284 1035 2364 quod
1057 2282 1172 2361 reecpit
1193 2279 1266 2341 Sclr.

80 2380 135 2440 Sic
156 2383 238 2440 recte
260 2380 376 2462 quidem
399 2382 536 2459 procedit
557 2383 650 2444 oratio
682 2380 757 2465 (qui
778 2383 946 2444 indurescit
966 2392 996 2444 et
1018 2387 1068 2461 qui
1090 2387 1146 2443 iter
1168 2400 1263 2441 conr-

79 2473 169 2557 tat);
199 2478 252 2538 sod
281 2477 356 2540 lraec
378 2479 470 2541 lectio
493 2480 562 2541 nihil
585 2485 634 2542 est
653 2483 711 2542 nisi
734 2483 899 2558 correctio,
929 2481 1092 2542 consimilis
1115 2483 1162 2557 el,
1191 2498 1266 2560 ‹pnae

80 2581 113 2640 in
135 2578 204 2639 edd.
226 2581 298 2657 post
318 2579 336 2639 J
359 2580 387 2638 in
409 2596 492 2659 seqq.
515 2578 762 2658 deprehenditur:
789 2591 844 2640 aut
862 2583 1006 2656 tectorio,
1029 2580 1109 2661 quod
1131 2598 1268 2639 eorrum-

77 2682 165 2761 pitnr
193 2674 253 2756 [132
275 2676 357 2759 qnod
378 2686 432 2738 aut
452 2686 511 2738 tec.
535 2681 640 2750 cor.):
669 2679 786 2739 scilicet
806 2681 942 2760 quoniam
965 2681 995 2740 in
1017 2678 1265 2756 praecedentibus

81 2776 191 2837 dicitur
218 2787 272 2837 aut
299 2779 369 2838 limo
400 2784 629 2850 aurorescente,
662 2775 726 2855 hic,
755 2783 788 2838 ut
814 2776 919 2838 similis
946 2779 1090 2838 orationis
1118 2777 1263 2837 alliciatur

81 2874 183 2951 color,
216 2880 380 2939 correctum
414 2881 482 2938 cst:
516 2886 571 2937 aut
593 2863 740 2952 tectorio,
772 2876 854 2958 quod
881 2880 1095 2956 concitabitur,
1128 2893 1182 2954 pro
1212 2887 1265 2936 not

78 2977 209 3035 tectorio
233 2983 387 3055 corrupto.
418 2974 523 3056 Neque
547 2976 631 3038 etiam
654 2978 684 3036 in
706 2974 732 3037 U
754 2976 872 3052 integra
894 2976 1050 3056 scriptoris
1072 2994 1172 3034 nranus
1193 2993 1263 3034 eer-

79 3079 183 3148 vetur,
216 3072 400 3135 exhibente:
433 3079 568 3158 interque
599 3095 698 3159 cquae
729 3085 896 3137 coartatur.
925 3075 1018 3163 vQuid
1053 3075 1179 3152 denique
1212 3067 1263 3134 Gi

79 3175 230 3253 Scriptum
259 3172 287 3232 in
316 3192 353 3233 eo
386 3175 475 3234 video
505 3175 569 3235 sic:
597 3177 699 3255 itaque
729 3172 784 3254 (ut
806 3175 914 3235 litteris
936 3178 947 3234 i
969 3179 1000 3234 et
1021 3194 1042 3235 a
1063 3173 1142 3234 linea
1164 3174 1262 3247 impo-
1340 3234 1342 3238 .

77 3278 180 3344 natur)
193 3266 350 3346 coartat²,·
372 3274 504 3334 nimirum
522 3269 727 3356 probeque,
749 3275 769 3333 i.
786 3293 812 3337 e.
835 3279 913 3336 inter
929 3292 1038 3354 aquae.
1062 3274 1158 3332 demta
1175 3272 1262 3331 etiam

77 3372 173 3435 altera
204 3370 410 3447 negligentia,
442 3371 537 3433 babes
566 3368 702 3456 istoque,
743 3378 774 3434 et
810 3374 838 3432 in
872 3391 908 3433 eo
941 3372 1099 3448 genuinam
1128 3370 1262 3432 Frontini

77 3490 191 3531 manum
208 3475 264 3532 iter
279 3491 379 3554 opace
400 3481 569 3556 coartatur.
607 3473 721 3533 Positis
737 3476 808 3550 post
827 3480 994 3533 nuscuntur
1015 3470 1130 3530 dnobus
1146 3471 1263 3548 punctis

78 3570 151 3651 (pro
175 3578 336 3646 commate,
365 3571 442 3652 qrrod
464 3571 561 3633 adhoc
579 3569 743 3653 obtinuit),
770 3573 940 3648 corrinnge:
967 3573 1019 3631 ant
1040 3568 1110 3629 limo
1133 3586 1260 3628 concre-

76 3677 184 3732 scente
206 3670 262 3731 iter
283 3688 376 3750 aquae
400 3676 563 3745 coartatur,
593 3677 643 3733 aut
664 3672 791 3731 tectoria
812 3674 1044 3746 corrumpuntur.
1086 3666 1169 3728 Nihil
1192 3687 1261 3729 cer-

76 3771 149 3832 tius.
170 3802 211 3812 -
243 3772 335 3855 Quam
359 3788 418 3844 ego
442 3770 663 3847 investigandis
683 3769 795 3829 codicis
817 3766 842 3828 (i
864 3767 1006 3843 vestigiis
1028 3768 1261 3829 emendationem

77 3868 192 3942 debeo,
226 3888 288 3931 earn
316 3867 517 3928 lleimielrinm
548 3888 602 3928 suo
634 3870 757 3943 ingenio
786 3867 876 3928 video
906 3885 975 3927 esse
1004 3871 1204 3937 assecutum
1224 3867 1260 3927 ad

76 3970 192 4047 iterque
212 3973 419 4028 artnotantem:
448 3966 541 4043 „dele
564 3968 653 4049 puel*

117 4065 225 4137 Potae)
254 4065 279 4127 d
296 4067 337 4128 F:
363 4067 496 4127 Parvae.
524 4066 569 4130 V:
593 4065 707 4126 Pereo.

118 4166 201 4244 tofo)
238 4165 280 4225 lta
308 4166 351 4243 l'3
381 4167 428 4226 cui
456 4165 627 4226 consentire
655 4171 779 4245 apparet
808 4164 902 4229 GU.
932 4184 1052 4246 quorum
1081 4184 1154 4224 onus
1180 4174 1259 4238 toto,

49 4262 151 4345 'alter
172 4276 253 4325 toso.
297 4265 342 4326 V:
366 4274 481 4346 poenire
502 4269 659 4343 impetoso.
698 4264 803 4343 Vulgo
825 4265 927 4346 topbo.
950 4298 991 4307 -
1024 4253 1179 4325 l'eriodunr
1202 4263 1259 4324 Pt-

75 4362 303 4425 lae-lubcatnr
323 4364 395 4426 set.
418 4366 545 4442 spuriam
571 4365 691 4425 inviieut.
