<?xml version="1.0" encoding="UTF-8"?>
<!DOCTYPE html PUBLIC "-//W3C//DTD XHTML 1.0 Transitional//EN"
    "http://www.w3.org/TR/xhtml1/DTD/xhtml1-transitional.dtd">
<html xmlns="http://www.w3.org/1999/xhtml" xml:lang="en" lang="en">
 <head>
  <title>
</title>
<meta http-equiv="Content-Type" content="text/html;charset=utf-8" />
  <meta name='ocr-system' content='tesseract 3.04.00' />
  <meta name='ocr-capabilities' content='ocr_page ocr_carea ocr_par ocr_line ocrx_word'/>
</head>
<body>
  <div class='ocr_page' id='page_1' title='image "./sexjuliifrontin00dedegoog_0141.png"; bbox 0 0 2888 4710; ppageno 0'>
   <div class='ocr_carea' id='block_1_1' title="bbox 66 178 895 269">
    <p class='ocr_par' dir='ltr' id='par_1_1' title="bbox 66 178 895 269">
     <span class='ocr_line' id='line_1_1' title="bbox 66 178 895 269; baseline 0.012 -12"><span class='ocrx_word' id='word_1_1' title='bbox 66 178 101 257; x_wconf 72' lang='lat' dir='ltr'><strong>u</strong></span> <span class='ocrx_word' id='word_1_2' title='bbox 487 182 895 269; x_wconf 78' lang='lat' dir='ltr'><strong>FRON&#39;l&#39;INUS</strong></span> 
     </span>
    </p>
   </div>
   <div class='ocr_carea' id='block_1_2' title="bbox 74 414 1322 756">
    <p class='ocr_par' dir='ltr' id='par_1_2' title="bbox 74 414 1322 756">
     <span class='ocr_line' id='line_1_2' title="bbox 74 414 1322 519; baseline 0.003 -28"><span class='ocrx_word' id='word_1_3' title='bbox 74 414 126 491; x_wconf 73' lang='lat'><strong>97</strong></span> <span class='ocrx_word' id='word_1_4' title='bbox 225 415 366 508; x_wconf 77' lang='lat' dir='ltr'><strong>Quanto</strong></span> <span class='ocrx_word' id='word_1_5' title='bbox 405 442 511 518; x_wconf 83' lang='lat' dir='ltr'><strong>opere</strong></span> <span class='ocrx_word' id='word_1_6' title='bbox 549 433 663 494; x_wconf 83' lang='lat' dir='ltr'><strong>autern</strong></span> <span class='ocrx_word' id='word_1_7' title='bbox 704 446 810 496; x_wconf 83' lang='lat' dir='ltr'><strong>curce</strong></span> <span class='ocrx_word' id='word_1_8' title='bbox 843 420 963 519; x_wconf 81' lang='lat' dir='ltr'><strong>inerit,</strong></span> <span class='ocrx_word' id='word_1_9' title='bbox 1002 444 1048 496; x_wconf 92' lang='lat' dir='ltr'><strong>ne</strong></span> <span class='ocrx_word' id='word_1_10' title='bbox 1082 421 1164 517; x_wconf 85' lang='lat' dir='ltr'><strong>quis</strong></span> <span class='ocrx_word' id='word_1_11' title='bbox 1195 420 1322 495; x_wconf 79' lang='lat' dir='ltr'><strong>violare</strong></span> 
     </span>
     <span class='ocr_line' id='line_1_3' title="bbox 149 531 1322 632; baseline 0.004 -28"><span class='ocrx_word' id='word_1_12' title='bbox 149 531 275 607; x_wconf 89' lang='lat' dir='ltr'><strong>ductus</strong></span> <span class='ocrx_word' id='word_1_13' title='bbox 310 558 480 632; x_wconf 80' lang='lat' dir='ltr'><strong>equomve</strong></span> <span class='ocrx_word' id='word_1_14' title='bbox 513 563 580 613; x_wconf 93' lang='lat' dir='ltr'><strong>non</strong></span> <span class='ocrx_word' id='word_1_15' title='bbox 616 562 826 613; x_wconf 81' lang='lat' dir='ltr'><strong>concessam</strong></span> <span class='ocrx_word' id='word_1_16' title='bbox 857 538 1019 613; x_wconf 78' lang='lat' dir='ltr'><strong>derivare</strong></span> <span class='ocrx_word' id='word_1_17' title='bbox 1050 534 1216 630; x_wconf 79' lang='lat' dir='ltr'><strong>auderet,</strong></span> <span class='ocrx_word' id='word_1_18' title='bbox 1252 559 1322 611; x_wconf 87' lang='lat' dir='ltr'><strong>cunr</strong></span> 
     </span>
     <span class='ocr_line' id='line_1_4' title="bbox 147 649 1321 756; baseline 0.003 -35"><span class='ocrx_word' id='word_1_19' title='bbox 147 671 197 722; x_wconf 84' lang='lat' dir='ltr'><strong>ex</strong></span> <span class='ocrx_word' id='word_1_20' title='bbox 228 652 345 725; x_wconf 88' lang='lat' dir='ltr'><strong>multis</strong></span> <span class='ocrx_word' id='word_1_21' title='bbox 377 677 546 749; x_wconf 80' lang='lat' dir='ltr'><strong>apparere</strong></span> <span class='ocrx_word' id='word_1_22' title='bbox 580 668 714 754; x_wconf 77' lang='lat' dir='ltr'><strong>potest,</strong></span> <span class='ocrx_word' id='word_1_23' title='bbox 754 666 826 729; x_wconf 90' lang='lat' dir='ltr'><strong>turn</strong></span> <span class='ocrx_word' id='word_1_24' title='bbox 859 680 905 729; x_wconf 85' lang='lat' dir='ltr'><strong>ex</strong></span> <span class='ocrx_word' id='word_1_25' title='bbox 938 653 1021 752; x_wconf 84' lang='lat' dir='ltr'><strong>boe,</strong></span> <span class='ocrx_word' id='word_1_26' title='bbox 1062 651 1158 756; x_wconf 85' lang='lat' dir='ltr'><strong>quod</strong></span> <span class='ocrx_word' id='word_1_27' title='bbox 1197 649 1321 730; x_wconf 76' lang='lat' dir='ltr'><strong>Circus</strong></span> 
     </span>
    </p>
   </div>
   <div class='ocr_carea' id='block_1_3' title="bbox 66 851 283 873">
    <p class='ocr_par' dir='ltr' id='par_1_3' title="bbox 66 851 283 873">
     <span class='ocr_line' id='line_1_5' title="bbox 66 851 283 873; baseline 0.005 -3"><span class='ocrx_word' id='word_1_28' title='bbox 66 851 283 873; x_wconf 48' lang='lat' dir='ltr'><strong>m.</strong></span> 
     </span>
    </p>
   </div>
   <div class='ocr_carea' id='block_1_4' title="bbox 77 963 1324 4434">
    <p class='ocr_par' dir='ltr' id='par_1_4' title="bbox 77 963 1321 2356">
     <span class='ocr_line' id='line_1_6' title="bbox 147 963 1321 1059; baseline 0.004 -32"><span class='ocrx_word' id='word_1_29' title='bbox 147 971 179 1027; x_wconf 80' lang='lat' dir='ltr'><strong>et</strong></span> <span class='ocrx_word' id='word_1_30' title='bbox 201 963 239 1056; x_wconf 74' lang='lat' dir='ltr'><strong>Q.</strong></span> <span class='ocrx_word' id='word_1_31' title='bbox 251 966 349 1032; x_wconf 82' lang='lat' dir='ltr'><strong>Fabio</strong></span> <span class='ocrx_word' id='word_1_32' title='bbox 367 969 596 1059; x_wconf 73' lang='lat' dir='ltr'><strong>Qaraectoribuc.</strong></span> <span class='ocrx_word' id='word_1_33' title='bbox 616 971 779 1034; x_wconf 78' lang='lat' dir='ltr'><strong>Pithoeus:</strong></span> <span class='ocrx_word' id='word_1_34' title='bbox 801 971 835 1037; x_wconf 82' lang='lat' dir='ltr'><strong>C.</strong></span> <span class='ocrx_word' id='word_1_35' title='bbox 852 969 1121 1036; x_wconf 68' lang='lat' dir='ltr'><strong>Liuiano-Cento</strong></span> <span class='ocrx_word' id='word_1_36' title='bbox 1141 978 1174 1033; x_wconf 82' lang='lat' dir='ltr'><strong>et</strong></span> <span class='ocrx_word' id='word_1_37' title='bbox 1193 969 1247 1033; x_wconf 84' lang='lat' dir='ltr'><strong>M.</strong></span> <span class='ocrx_word' id='word_1_38' title='bbox 1261 968 1321 1033; x_wconf 74' lang='lat' dir='ltr'><strong>rn-</strong></span> 
     </span>
     <span class='ocr_line' id='line_1_7' title="bbox 148 1061 1319 1158; baseline 0.003 -33"><span class='ocrx_word' id='word_1_39' title='bbox 148 1061 198 1126; x_wconf 84' lang='lat' dir='ltr'><strong>bio</strong></span> <span class='ocrx_word' id='word_1_40' title='bbox 220 1067 307 1132; x_wconf 78' lang='lat' dir='ltr'><strong>Coss.</strong></span> <span class='ocrx_word' id='word_1_41' title='bbox 349 1069 445 1132; x_wconf 82' lang='lat' dir='ltr'><strong>Fuere</strong></span> <span class='ocrx_word' id='word_1_42' title='bbox 468 1069 557 1134; x_wconf 86' lang='lat' dir='ltr'><strong>Coss.</strong></span> <span class='ocrx_word' id='word_1_43' title='bbox 579 1091 606 1135; x_wconf 84' lang='lat' dir='ltr'><strong>a.</strong></span> <span class='ocrx_word' id='word_1_44' title='bbox 629 1071 667 1133; x_wconf 88' lang='lat' dir='ltr'><strong>U.</strong></span> <span class='ocrx_word' id='word_1_45' title='bbox 689 1076 751 1135; x_wconf 79' lang='grc'><strong>638</strong></span> <span class='ocrx_word' id='word_1_46' title='bbox 779 1070 816 1134; x_wconf 82' lang='lat' dir='ltr'><strong>G.</strong></span> <span class='ocrx_word' id='word_1_47' title='bbox 837 1072 971 1134; x_wconf 83' lang='lat' dir='ltr'><strong>biololns</strong></span> <span class='ocrx_word' id='word_1_48' title='bbox 993 1071 1070 1136; x_wconf 80' lang='lat' dir='ltr'><strong>Geta</strong></span> <span class='ocrx_word' id='word_1_49' title='bbox 1096 1076 1128 1135; x_wconf 91' lang='lat' dir='ltr'><strong>ct</strong></span> <span class='ocrx_word' id='word_1_50' title='bbox 1155 1069 1196 1158; x_wconf 78' lang='lat' dir='ltr'><strong>Q.</strong></span> <span class='ocrx_word' id='word_1_51' title='bbox 1218 1068 1319 1132; x_wconf 71' lang='lat' dir='ltr'><strong>Fabius</strong></span> 
     </span>
     <span class='ocr_line' id='line_1_8' title="bbox 143 1160 1319 1252; baseline 0.001 -24"><span class='ocrx_word' id='word_1_52' title='bbox 143 1160 380 1248; x_wconf 74' lang='lat' dir='ltr'><strong>Allobrogicus3</strong></span> <span class='ocrx_word' id='word_1_53' title='bbox 402 1171 550 1252; x_wconf 85' lang='lat' dir='ltr'><strong>iidcnrquc</strong></span> <span class='ocrx_word' id='word_1_54' title='bbox 571 1173 638 1232; x_wconf 73' lang='lat' dir='ltr'><strong>unni</strong></span> <span class='ocrx_word' id='word_1_55' title='bbox 660 1176 720 1234; x_wconf 77' lang='lat' dir='ltr'><strong>oto</strong></span> <span class='ocrx_word' id='word_1_56' title='bbox 743 1170 906 1235; x_wconf 80' lang='lat' dir='ltr'><strong>Censores.</strong></span> <span class='ocrx_word' id='word_1_57' title='bbox 934 1167 1021 1233; x_wconf 87' lang='lat' dir='ltr'><strong>Unde</strong></span> <span class='ocrx_word' id='word_1_58' title='bbox 1042 1170 1171 1249; x_wconf 83' lang='lat' dir='ltr'><strong>Pighius</strong></span> <span class='ocrx_word' id='word_1_59' title='bbox 1196 1167 1257 1251; x_wconf 75' lang='lat' dir='ltr'><strong>(T.</strong></span> <span class='ocrx_word' id='word_1_60' title='bbox 1270 1164 1319 1229; x_wconf 88' lang='lat' dir='ltr'><strong>ill.</strong></span> 
     </span>
     <span class='ocr_line' id='line_1_9' title="bbox 143 1261 1318 1349; baseline 0.002 -23"><span class='ocrx_word' id='word_1_61' title='bbox 143 1282 176 1344; x_wconf 89' lang='lat' dir='ltr'><strong>p.</strong></span> <span class='ocrx_word' id='word_1_62' title='bbox 190 1261 282 1346; x_wconf 80' lang='lat'>130),</span> <span class='ocrx_word' id='word_1_63' title='bbox 305 1268 477 1349; x_wconf 84' lang='lat' dir='ltr'><strong>Onnpbrios</strong></span> <span class='ocrx_word' id='word_1_64' title='bbox 499 1274 531 1331; x_wconf 93' lang='lat' dir='ltr'><strong>ct</strong></span> <span class='ocrx_word' id='word_1_65' title='bbox 552 1269 699 1348; x_wconf 79' lang='lat' dir='ltr'><strong>Sigonius</strong></span> <span class='ocrx_word' id='word_1_66' title='bbox 720 1272 854 1333; x_wconf 87' lang='lat' dir='ltr'><strong>Fronttnt</strong></span> <span class='ocrx_word' id='word_1_67' title='bbox 875 1270 969 1332; x_wconf 83' lang='lat' dir='ltr'><strong>verbs</strong></span> <span class='ocrx_word' id='word_1_68' title='bbox 990 1272 1037 1333; x_wconf 91' lang='lat' dir='ltr'><strong>sio</strong></span> <span class='ocrx_word' id='word_1_69' title='bbox 1058 1270 1238 1348; x_wconf 79' lang='lat' dir='ltr'><strong>reingendn</strong></span> <span class='ocrx_word' id='word_1_70' title='bbox 1256 1282 1318 1329; x_wconf 81' lang='lat' dir='ltr'><strong>csse</strong></span> 
     </span>
     <span class='ocr_line' id='line_1_10' title="bbox 145 1361 1318 1461; baseline 0.001 -37"><span class='ocrx_word' id='word_1_71' title='bbox 145 1361 291 1430; x_wconf 85' lang='lat' dir='ltr'><strong>iudicant:</strong></span> <span class='ocrx_word' id='word_1_72' title='bbox 313 1369 347 1433; x_wconf 81' lang='lat'><strong>0.</strong></span> <span class='ocrx_word' id='word_1_73' title='bbox 367 1369 490 1432; x_wconf 80' lang='lat' dir='ltr'><strong>Licinio</strong></span> <span class='ocrx_word' id='word_1_74' title='bbox 513 1371 591 1433; x_wconf 85' lang='lat' dir='ltr'><strong>Geta</strong></span> <span class='ocrx_word' id='word_1_75' title='bbox 612 1381 643 1433; x_wconf 88' lang='lat' dir='ltr'><strong>et</strong></span> <span class='ocrx_word' id='word_1_76' title='bbox 664 1372 701 1461; x_wconf 77' lang='lat' dir='ltr'><strong>(i.</strong></span> <span class='ocrx_word' id='word_1_77' title='bbox 715 1371 813 1434; x_wconf 85' lang='lat' dir='ltr'><strong>Fabio</strong></span> <span class='ocrx_word' id='word_1_78' title='bbox 830 1370 1023 1434; x_wconf 77' lang='lat' dir='ltr'><strong>Censoribue.</strong></span> <span class='ocrx_word' id='word_1_79' title='bbox 1044 1369 1232 1432; x_wconf 74' lang='lat' dir='ltr'><strong>assentiento</strong></span> <span class='ocrx_word' id='word_1_80' title='bbox 1250 1363 1318 1429; x_wconf 84' lang='lat' dir='ltr'><strong>Scb.</strong></span> 
     </span>
     <span class='ocr_line' id='line_1_11' title="bbox 143 1460 1318 1558; baseline 0.004 -34"><span class='ocrx_word' id='word_1_81' title='bbox 143 1460 277 1527; x_wconf 87' lang='lat' dir='ltr'><strong>Poicnus</strong></span> <span class='ocrx_word' id='word_1_82' title='bbox 298 1473 403 1531; x_wconf 83' lang='lat' dir='ltr'><strong>contro</strong></span> <span class='ocrx_word' id='word_1_83' title='bbox 423 1474 555 1532; x_wconf 86' lang='lat' dir='ltr'><strong>nostrum</strong></span> <span class='ocrx_word' id='word_1_84' title='bbox 578 1472 741 1550; x_wconf 74' lang='lat' dir='ltr'><strong>scripsisse</strong></span> <span class='ocrx_word' id='word_1_85' title='bbox 764 1470 938 1536; x_wconf 72' lang='lat' dir='ltr'><strong>contenditt</strong></span> <span class='ocrx_word' id='word_1_86' title='bbox 961 1470 996 1532; x_wconf 84' lang='lat'><strong>0.</strong></span> <span class='ocrx_word' id='word_1_87' title='bbox 1013 1470 1138 1531; x_wconf 75' lang='lat' dir='ltr'><strong>Licinio</strong></span> <span class='ocrx_word' id='word_1_88' title='bbox 1159 1477 1193 1530; x_wconf 82' lang='lat' dir='ltr'><strong>et</strong></span> <span class='ocrx_word' id='word_1_89' title='bbox 1211 1466 1318 1558; x_wconf 62' lang='lat' dir='ltr'><strong>(Un-</strong></span> 
     </span>
     <span class='ocr_line' id='line_1_12' title="bbox 144 1561 1317 1648; baseline 0.001 -22"><span class='ocrx_word' id='word_1_90' title='bbox 144 1561 195 1627; x_wconf 85' lang='lat' dir='ltr'><strong>bio</strong></span> <span class='ocrx_word' id='word_1_91' title='bbox 217 1566 304 1628; x_wconf 84' lang='lat' dir='ltr'><strong>Coos.</strong></span> <span class='ocrx_word' id='word_1_92' title='bbox 330 1566 377 1630; x_wconf 87' lang='lat' dir='ltr'><strong>Tu</strong></span> <span class='ocrx_word' id='word_1_93' title='bbox 399 1587 473 1631; x_wconf 79' lang='lat' dir='ltr'><strong>vero</strong></span> <span class='ocrx_word' id='word_1_94' title='bbox 495 1588 553 1633; x_wconf 91' lang='lat' dir='ltr'><strong>nou</strong></span> <span class='ocrx_word' id='word_1_95' title='bbox 574 1570 718 1648; x_wconf 80' lang='lat' dir='ltr'><strong>negliges</strong></span> <span class='ocrx_word' id='word_1_96' title='bbox 739 1571 913 1648; x_wconf 82' lang='lat' dir='ltr'><strong>scripturum</strong></span> <span class='ocrx_word' id='word_1_97' title='bbox 935 1569 1072 1630; x_wconf 85' lang='lat' dir='ltr'><strong>codicum</strong></span> <span class='ocrx_word' id='word_1_98' title='bbox 1096 1565 1162 1631; x_wconf 83' lang='lat' dir='ltr'><strong>GU</strong></span> <span class='ocrx_word' id='word_1_99' title='bbox 1186 1565 1239 1648; x_wconf 79' lang='lat' dir='ltr'><strong>(in</strong></span> <span class='ocrx_word' id='word_1_100' title='bbox 1258 1567 1317 1647; x_wconf 79' lang='lat' dir='ltr'><strong>pri-</strong></span> 
     </span>
     <span class='ocr_line' id='line_1_13' title="bbox 143 1660 1317 1745; baseline 0.002 -21"><span class='ocrx_word' id='word_1_101' title='bbox 143 1663 199 1726; x_wconf 89' lang='lat' dir='ltr'><strong>nds</strong></span> <span class='ocrx_word' id='word_1_102' title='bbox 221 1660 270 1745; x_wconf 77' lang='lat' dir='ltr'><strong>U)</strong></span> <span class='ocrx_word' id='word_1_103' title='bbox 303 1665 382 1728; x_wconf 86' lang='lat' dir='ltr'><strong>bend</strong></span> <span class='ocrx_word' id='word_1_104' title='bbox 403 1666 530 1730; x_wconf 81' lang='lat' dir='ltr'><strong>obscure</strong></span> <span class='ocrx_word' id='word_1_105' title='bbox 552 1672 665 1732; x_wconf 90' lang='lat' dir='ltr'><strong>nostris</strong></span> <span class='ocrx_word' id='word_1_106' title='bbox 687 1669 785 1731; x_wconf 87' lang='lat' dir='ltr'><strong>oculis</strong></span> <span class='ocrx_word' id='word_1_107' title='bbox 808 1667 934 1729; x_wconf 83' lang='lat' dir='ltr'><strong>obiutnnr</strong></span> <span class='ocrx_word' id='word_1_108' title='bbox 958 1686 1013 1729; x_wconf 85' lang='lat' dir='ltr'><strong>nnn</strong></span> <span class='ocrx_word' id='word_1_109' title='bbox 1035 1685 1100 1729; x_wconf 90' lang='lat' dir='ltr'><strong>curn</strong></span> <span class='ocrx_word' id='word_1_110' title='bbox 1124 1665 1196 1729; x_wconf 89' lang='lat' dir='ltr'><strong>cdd.</strong></span> <span class='ocrx_word' id='word_1_111' title='bbox 1216 1672 1317 1727; x_wconf 75' lang='lat' dir='ltr'><strong>votus·</strong></span> 
     </span>
     <span class='ocr_line' id='line_1_14' title="bbox 143 1764 1317 1849; baseline 0.001 -25"><span class='ocrx_word' id='word_1_112' title='bbox 143 1764 320 1826; x_wconf 75' lang='lat' dir='ltr'><strong>tissimuunr</strong></span> <span class='ocrx_word' id='word_1_113' title='bbox 346 1769 503 1828; x_wconf 82' lang='lat' dir='ltr'><strong>rnnuticsta</strong></span> <span class='ocrx_word' id='word_1_114' title='bbox 528 1766 659 1831; x_wconf 86' lang='lat' dir='ltr'><strong>lectione</strong></span> <span class='ocrx_word' id='word_1_115' title='bbox 692 1767 843 1849; x_wconf 72' lang='lat' dir='ltr'><strong>(Uescia,</strong></span> <span class='ocrx_word' id='word_1_116' title='bbox 871 1766 989 1829; x_wconf 84' lang='lat' dir='ltr'><strong>uPttb.</strong></span> <span class='ocrx_word' id='word_1_117' title='bbox 1011 1767 1200 1839; x_wconf 75' lang='lat' dir='ltr'><strong>aestimate).</strong></span> <span class='ocrx_word' id='word_1_118' title='bbox 1243 1765 1317 1828; x_wconf 80' lang='lat' dir='ltr'><strong>cae-</strong></span> 
     </span>
     <span class='ocr_line' id='line_1_15' title="bbox 142 1861 1317 1947; baseline 0.002 -24"><span class='ocrx_word' id='word_1_119' title='bbox 142 1862 225 1924; x_wconf 70' lang='lat' dir='ltr'><strong>cutio</strong></span> <span class='ocrx_word' id='word_1_120' title='bbox 250 1864 342 1927; x_wconf 82' lang='lat' dir='ltr'><strong>Festo</strong></span> <span class='ocrx_word' id='word_1_121' title='bbox 368 1870 498 1929; x_wconf 78' lang='lat' dir='ltr'><strong>testante</strong></span> <span class='ocrx_word' id='word_1_122' title='bbox 523 1886 598 1930; x_wconf 82' lang='lat' dir='ltr'><strong>rere</strong></span> <span class='ocrx_word' id='word_1_123' title='bbox 621 1886 788 1945; x_wconf 82' lang='lat' dir='ltr'><strong>cognonen</strong></span> <span class='ocrx_word' id='word_1_124' title='bbox 809 1866 1007 1928; x_wconf 83' lang='lat' dir='ltr'><strong>Rononororn</strong></span> <span class='ocrx_word' id='word_1_125' title='bbox 1029 1865 1103 1942; x_wconf 87' lang='lat' dir='ltr'><strong>init,</strong></span> <span class='ocrx_word' id='word_1_126' title='bbox 1133 1861 1317 1947; x_wconf 77' lang='lat' dir='ltr'><strong>illudqucl&#39;.</strong></span> 
     </span>
     <span class='ocr_line' id='line_1_16' title="bbox 143 1958 1318 2043; baseline -0.001 -18"><span class='ocrx_word' id='word_1_127' title='bbox 143 1958 287 2025; x_wconf 79' lang='lat' dir='ltr'><strong>Cornelio</strong></span> <span class='ocrx_word' id='word_1_128' title='bbox 317 1966 533 2028; x_wconf 78' lang='lat' dir='ltr'><strong>attribuendum</strong></span> <span class='ocrx_word' id='word_1_129' title='bbox 561 1986 632 2030; x_wconf 90' lang='lat' dir='ltr'><strong>esse</strong></span> <span class='ocrx_word' id='word_1_130' title='bbox 659 1968 729 2029; x_wconf 92' lang='lat' dir='ltr'><strong>loco</strong></span> <span class='ocrx_word' id='word_1_131' title='bbox 755 1965 825 2027; x_wconf 80' lang='lat' dir='ltr'><strong>btv.</strong></span> <span class='ocrx_word' id='word_1_132' title='bbox 840 1964 947 2028; x_wconf 76' lang='lat' dir='ltr'><strong>XXV.</strong></span> <span class='ocrx_word' id='word_1_133' title='bbox 975 1968 1052 2042; x_wconf 66' lang='grc' dir='ltr'><em>Μ</em></span> <span class='ocrx_word' id='word_1_134' title='bbox 1078 1964 1253 2043; x_wconf 72' lang='lat' dir='ltr'><strong>suspicatus</strong></span> <span class='ocrx_word' id='word_1_135' title='bbox 1277 1965 1318 2024; x_wconf 84' lang='lat' dir='ltr'><strong>cst</strong></span> 
     </span>
     <span class='ocr_line' id='line_1_17' title="bbox 141 2059 1319 2144; baseline 0.003 -23"><span class='ocrx_word' id='word_1_136' title='bbox 141 2059 173 2121; x_wconf 79' lang='lat' dir='ltr'><strong>J.</strong></span> <span class='ocrx_word' id='word_1_137' title='bbox 194 2061 242 2124; x_wconf 88' lang='lat' dir='ltr'><strong>Fr.</strong></span> <span class='ocrx_word' id='word_1_138' title='bbox 265 2060 448 2130; x_wconf 83' lang='lat' dir='ltr'><strong>Gronovius.</strong></span> <span class='ocrx_word' id='word_1_139' title='bbox 488 2066 535 2129; x_wconf 80' lang='lat' dir='ltr'><strong>En</strong></span> <span class='ocrx_word' id='word_1_140' title='bbox 565 2069 712 2144; x_wconf 80' lang='lat' dir='ltr'><strong>integrum</strong></span> <span class='ocrx_word' id='word_1_141' title='bbox 734 2063 841 2128; x_wconf 82' lang='lat' dir='ltr'><strong>Licinii</strong></span> <span class='ocrx_word' id='word_1_142' title='bbox 868 2077 993 2127; x_wconf 80' lang='lat' dir='ltr'><strong>nonen:</strong></span> <span class='ocrx_word' id='word_1_143' title='bbox 1021 2064 1056 2128; x_wconf 82' lang='lat'><strong>0.</strong></span> <span class='ocrx_word' id='word_1_144' title='bbox 1076 2063 1224 2127; x_wconf 76' lang='lat' dir='ltr'><strong>Liciniae</strong></span> <span class='ocrx_word' id='word_1_145' title='bbox 1243 2061 1319 2125; x_wconf 80' lang='lat' dir='ltr'><strong>Gae-</strong></span> 
     </span>
     <span class='ocr_line' id='line_1_18' title="bbox 141 2158 335 2224; baseline 0.005 -2"><span class='ocrx_word' id='word_1_146' title='bbox 141 2158 225 2222; x_wconf 80' lang='lat' dir='ltr'><strong>stdiu</strong></span> <span class='ocrx_word' id='word_1_147' title='bbox 246 2162 335 2224; x_wconf 86' lang='lat' dir='ltr'><strong>Geta.</strong></span> 
     </span>
     <span class='ocr_line' id='line_1_19' title="bbox 77 2258 823 2356; baseline -0.004 -28"><span class='ocrx_word' id='word_1_148' title='bbox 77 2275 109 2328; x_wconf 70' lang='lat'><strong>92</strong></span> <span class='ocrx_word' id='word_1_149' title='bbox 186 2258 305 2351; x_wconf 74' lang='lat' dir='ltr'><strong>Quanto</strong></span> <span class='ocrx_word' id='word_1_150' title='bbox 327 2267 396 2345; x_wconf 82' lang='lat' dir='ltr'><strong>op.)</strong></span> <span class='ocrx_word' id='word_1_151' title='bbox 417 2262 448 2326; x_wconf 93' lang='lat' dir='ltr'>V</span> <span class='ocrx_word' id='word_1_152' title='bbox 469 2271 500 2326; x_wconf 89' lang='lat' dir='ltr'><strong>ct</strong></span> <span class='ocrx_word' id='word_1_153' title='bbox 521 2267 596 2328; x_wconf 86' lang='lat' dir='ltr'><strong>edd:</strong></span> <span class='ocrx_word' id='word_1_154' title='bbox 620 2267 823 2356; x_wconf 73' lang='lat' dir='ltr'><strong>Quantopere.</strong></span> 
     </span>
    </p>

    <p class='ocr_par' dir='ltr' id='par_1_5' title="bbox 142 2358 1320 2544">
     <span class='ocr_line' id='line_1_20' title="bbox 185 2358 1320 2446; baseline 0.001 -26"><span class='ocrx_word' id='word_1_155' title='bbox 185 2378 332 2443; x_wconf 77' lang='lat' dir='ltr'><strong>aquamce</strong></span> <span class='ocrx_word' id='word_1_156' title='bbox 350 2365 432 2433; x_wconf 77' lang='lat' dir='ltr'><strong>nou)</strong></span> <span class='ocrx_word' id='word_1_157' title='bbox 463 2362 510 2426; x_wconf 84' lang='lat' dir='ltr'><strong>ltu</strong></span> <span class='ocrx_word' id='word_1_158' title='bbox 532 2365 569 2429; x_wconf 83' lang='lat' dir='ltr'><strong>C.</strong></span> <span class='ocrx_word' id='word_1_159' title='bbox 607 2358 691 2430; x_wconf 81' lang='lat' dir='ltr'><strong>Alii:</strong></span> <span class='ocrx_word' id='word_1_160' title='bbox 721 2383 829 2446; x_wconf 77' lang='lat' dir='ltr'><strong>aquarn</strong></span> <span class='ocrx_word' id='word_1_161' title='bbox 848 2382 887 2424; x_wconf 81' lang='lat' dir='ltr'><strong>ne</strong></span> <span class='ocrx_word' id='word_1_162' title='bbox 906 2380 976 2424; x_wconf 83' lang='lat' dir='ltr'><strong>non.</strong></span> <span class='ocrx_word' id='word_1_163' title='bbox 1006 2358 1038 2424; x_wconf 82' lang='lat' dir='ltr'>V</span> <span class='ocrx_word' id='word_1_164' title='bbox 1057 2358 1097 2422; x_wconf 77' lang='lat' dir='ltr'><strong>F:</strong></span> <span class='ocrx_word' id='word_1_165' title='bbox 1120 2377 1269 2444; x_wconf 74' lang='lat' dir='ltr'><strong>aqum</strong></span> <span class='ocrx_word' id='word_1_166' title='bbox 1286 2378 1320 2422; x_wconf 78' lang='lat' dir='ltr'><strong>ne</strong></span> 
     </span>
     <span class='ocr_line' id='line_1_21' title="bbox 142 2459 1319 2544; baseline 0.004 -27"><span class='ocrx_word' id='word_1_167' title='bbox 142 2474 212 2522; x_wconf 80' lang='lat' dir='ltr'><strong>non.</strong></span> <span class='ocrx_word' id='word_1_168' title='bbox 233 2459 370 2522; x_wconf 89' lang='lat' dir='ltr'><strong>Biondns</strong></span> <span class='ocrx_word' id='word_1_169' title='bbox 391 2461 513 2526; x_wconf 77' lang='lat' dir='ltr'><strong>Florius</strong></span> <span class='ocrx_word' id='word_1_170' title='bbox 534 2462 609 2526; x_wconf 88' lang='lat' dir='ltr'><strong>inst.</strong></span> <span class='ocrx_word' id='word_1_171' title='bbox 631 2464 718 2528; x_wconf 87' lang='lat' dir='ltr'><strong>Ronr.</strong></span> <span class='ocrx_word' id='word_1_172' title='bbox 736 2463 774 2523; x_wconf 89' lang='lat' dir='ltr'><strong>ii.</strong></span> <span class='ocrx_word' id='word_1_173' title='bbox 796 2481 827 2541; x_wconf 85' lang='lat' dir='ltr'><strong>p.</strong></span> <span class='ocrx_word' id='word_1_174' title='bbox 843 2464 913 2525; x_wconf 75' lang='lat'><strong>251.</strong></span> <span class='ocrx_word' id='word_1_175' title='bbox 939 2460 987 2523; x_wconf 77' lang='lat' dir='ltr'><strong>A:</strong></span> <span class='ocrx_word' id='word_1_176' title='bbox 1011 2478 1158 2544; x_wconf 70' lang='lat' dir='ltr'><strong>naumann</strong></span> <span class='ocrx_word' id='word_1_177' title='bbox 1178 2479 1238 2524; x_wconf 80' lang='lat' dir='ltr'><strong>nec</strong></span> <span class='ocrx_word' id='word_1_178' title='bbox 1256 2476 1319 2522; x_wconf 75' lang='lat' dir='ltr'><strong>non.</strong></span> 
     </span>
    </p>

    <p class='ocr_par' dir='ltr' id='par_1_6' title="bbox 183 2559 1163 2639">
     <span class='ocr_line' id='line_1_22' title="bbox 183 2559 1163 2639; baseline 0.001 -19"><span class='ocrx_word' id='word_1_179' title='bbox 183 2566 215 2620; x_wconf 86' lang='lat' dir='ltr'><strong>et</strong></span> <span class='ocrx_word' id='word_1_180' title='bbox 235 2578 274 2621; x_wconf 78' lang='lat' dir='ltr'><strong>ea</strong></span> <span class='ocrx_word' id='word_1_181' title='bbox 293 2559 367 2632; x_wconf 80' lang='lat' dir='ltr'><strong>doc]</strong></span> <span class='ocrx_word' id='word_1_182' title='bbox 390 2571 421 2624; x_wconf 84' lang='lat' dir='ltr'><strong>et</strong></span> <span class='ocrx_word' id='word_1_183' title='bbox 439 2565 557 2624; x_wconf 83' lang='lat' dir='ltr'><strong>restitui</strong></span> <span class='ocrx_word' id='word_1_184' title='bbox 580 2582 620 2625; x_wconf 85' lang='lat' dir='ltr'><strong>ex</strong></span> <span class='ocrx_word' id='word_1_185' title='bbox 642 2562 684 2639; x_wconf 84' lang='lat' dir='ltr'><strong>G,</strong></span> <span class='ocrx_word' id='word_1_186' title='bbox 708 2582 772 2625; x_wconf 85' lang='lat' dir='ltr'><strong>conr</strong></span> <span class='ocrx_word' id='word_1_187' title='bbox 794 2581 812 2623; x_wconf 85' lang='lat' dir='ltr'><strong>u</strong></span> <span class='ocrx_word' id='word_1_188' title='bbox 833 2563 944 2624; x_wconf 88' lang='lat' dir='ltr'><strong>ceteris</strong></span> <span class='ocrx_word' id='word_1_189' title='bbox 964 2559 1051 2622; x_wconf 90' lang='lat' dir='ltr'><strong>libris</strong></span> <span class='ocrx_word' id='word_1_190' title='bbox 1072 2559 1163 2621; x_wconf 79' lang='lat' dir='ltr'><strong>obsit.</strong></span> 
     </span>
    </p>

    <p class='ocr_par' dir='ltr' id='par_1_7' title="bbox 183 2657 992 2742">
     <span class='ocr_line' id='line_1_23' title="bbox 183 2657 992 2742; baseline 0.002 -24"><span class='ocrx_word' id='word_1_191' title='bbox 183 2657 227 2718; x_wconf 88' lang='lat' dir='ltr'><strong>ad</strong></span> <span class='ocrx_word' id='word_1_192' title='bbox 247 2658 429 2735; x_wconf 80' lang='lat' dir='ltr'><strong>Curatores)</strong></span> <span class='ocrx_word' id='word_1_193' title='bbox 451 2662 586 2725; x_wconf 87' lang='lat' dir='ltr'><strong>Biondos</strong></span> <span class='ocrx_word' id='word_1_194' title='bbox 609 2663 630 2724; x_wconf 90' lang='lat' dir='ltr'><strong>l.</strong></span> <span class='ocrx_word' id='word_1_195' title='bbox 648 2678 693 2726; x_wconf 86' lang='lat' dir='ltr'><strong>c.:</strong></span> <span class='ocrx_word' id='word_1_196' title='bbox 714 2661 757 2723; x_wconf 91' lang='lat' dir='ltr'><strong>ud</strong></span> <span class='ocrx_word' id='word_1_197' title='bbox 777 2661 992 2742; x_wconf 82' lang='lat' dir='ltr'><strong>imperatores.</strong></span> 
     </span>
    </p>

    <p class='ocr_par' dir='ltr' id='par_1_8' title="bbox 139 2753 1324 4434">
     <span class='ocr_line' id='line_1_24' title="bbox 182 2753 1321 2844; baseline 0.003 -26"><span class='ocrx_word' id='word_1_198' title='bbox 182 2757 329 2840; x_wconf 75' lang='lat' dir='ltr'><strong>Mancini</strong></span> <span class='ocrx_word' id='word_1_199' title='bbox 350 2763 438 2822; x_wconf 86' lang='lat' dir='ltr'><strong>etium</strong></span> <span class='ocrx_word' id='word_1_200' title='bbox 460 2769 535 2836; x_wconf 81' lang='lat' dir='ltr'><strong>cto.)</strong></span> <span class='ocrx_word' id='word_1_201' title='bbox 564 2763 793 2844; x_wconf 82' lang='lat' dir='ltr'><strong>Mancipiorurn</strong></span> <span class='ocrx_word' id='word_1_202' title='bbox 818 2765 921 2835; x_wconf 79' lang='lat' dir='ltr'><strong>etiarn,</strong></span> <span class='ocrx_word' id='word_1_203' title='bbox 948 2753 985 2820; x_wconf 78' lang='lat' dir='ltr'><strong>ci&#39;</strong></span> <span class='ocrx_word' id='word_1_204' title='bbox 1002 2778 1068 2820; x_wconf 86' lang='lat' dir='ltr'><strong>curn</strong></span> <span class='ocrx_word' id='word_1_205' title='bbox 1093 2776 1148 2837; x_wconf 86' lang='lat' dir='ltr'><strong>eo,</strong></span> <span class='ocrx_word' id='word_1_206' title='bbox 1177 2763 1231 2842; x_wconf 72' lang='lat' dir='ltr'><strong>oui</strong></span> <span class='ocrx_word' id='word_1_207' title='bbox 1250 2756 1321 2821; x_wconf 79' lang='lat' dir='ltr'><strong>adu.</strong></span> 
     </span>
     <span class='ocr_line' id='line_1_25' title="bbox 143 2854 1321 2941; baseline 0.003 -24"><span class='ocrx_word' id='word_1_208' title='bbox 143 2855 237 2935; x_wconf 70' lang='lat' dir='ltr'><strong>leuem</strong></span> <span class='ocrx_word' id='word_1_209' title='bbox 259 2854 451 2941; x_wconf 78' lang='lat' dir='ltr'><strong>(t&#39;neicbat‚]</strong></span> <span class='ocrx_word' id='word_1_210' title='bbox 472 2862 636 2941; x_wconf 74' lang='lat' dir='ltr'><strong>fecissent,</strong></span> <span class='ocrx_word' id='word_1_211' title='bbox 657 2862 752 2922; x_wconf 83' lang='lat' dir='ltr'><strong>muita</strong></span> <span class='ocrx_word' id='word_1_212' title='bbox 773 2859 941 2922; x_wconf 81' lang='lat' dir='ltr'><strong>dicebatur.</strong></span> <span class='ocrx_word' id='word_1_213' title='bbox 967 2857 1116 2920; x_wconf 79' lang='lat' dir='ltr'><strong>Profiteor</strong></span> <span class='ocrx_word' id='word_1_214' title='bbox 1137 2862 1256 2936; x_wconf 65' lang='lat' dir='ltr'><strong>umen,</strong></span> <span class='ocrx_word' id='word_1_215' title='bbox 1277 2874 1321 2920; x_wconf 84' lang='lat' dir='ltr'><strong>tre</strong></span> 
     </span>
     <span class='ocr_line' id='line_1_26' title="bbox 142 2955 1321 3043; baseline 0.003 -27"><span class='ocrx_word' id='word_1_216' title='bbox 142 2958 376 3020; x_wconf 87' lang='lat' dir='ltr'><strong>erneudotioncrn</strong></span> <span class='ocrx_word' id='word_1_217' title='bbox 409 2979 469 3020; x_wconf 92' lang='lat' dir='ltr'><strong>non</strong></span> <span class='ocrx_word' id='word_1_218' title='bbox 498 2979 552 3039; x_wconf 83' lang='lat' dir='ltr'><strong>pro</strong></span> <span class='ocrx_word' id='word_1_219' title='bbox 582 2961 749 3022; x_wconf 80' lang='lat' dir='ltr'><strong>certissima</strong></span> <span class='ocrx_word' id='word_1_220' title='bbox 777 2960 944 3021; x_wconf 81' lang='lat' dir='ltr'><strong>venditore.</strong></span> <span class='ocrx_word' id='word_1_221' title='bbox 985 2955 1076 3043; x_wconf 67' lang='grc' dir='ltr'><strong>Ρθίι.</strong></span> <span class='ocrx_word' id='word_1_222' title='bbox 1119 2956 1321 3038; x_wconf 68' lang='lat' dir='ltr'><strong>Municipium</strong></span> 
     </span>
     <span class='ocr_line' id='line_1_27' title="bbox 142 3055 1320 3142; baseline 0.002 -26"><span class='ocrx_word' id='word_1_223' title='bbox 142 3060 250 3132; x_wconf 82' lang='lat' dir='ltr'><strong>etiarn,</strong></span> <span class='ocrx_word' id='word_1_224' title='bbox 279 3061 309 3118; x_wconf 82' lang='lat' dir='ltr'><strong>ci</strong></span> <span class='ocrx_word' id='word_1_225' title='bbox 337 3078 402 3119; x_wconf 87' lang='lat' dir='ltr'><strong>curn</strong></span> <span class='ocrx_word' id='word_1_226' title='bbox 431 3077 486 3135; x_wconf 88' lang='lat' dir='ltr'><strong>eo,</strong></span> <span class='ocrx_word' id='word_1_227' title='bbox 516 3064 566 3142; x_wconf 79' lang='lat' dir='ltr'><strong>qui</strong></span> <span class='ocrx_word' id='word_1_228' title='bbox 593 3059 665 3121; x_wconf 83' lang='lat' dir='ltr'><strong>udo.</strong></span> <span class='ocrx_word' id='word_1_229' title='bbox 696 3060 806 3138; x_wconf 77' lang='lat' dir='ltr'><strong>ieqern,</strong></span> <span class='ocrx_word' id='word_1_230' title='bbox 837 3059 1003 3139; x_wconf 81' lang='lat' dir='ltr'><strong>fecissent,</strong></span> <span class='ocrx_word' id='word_1_231' title='bbox 1029 3055 1123 3117; x_wconf 80' lang='lat' dir='ltr'><strong>notra</strong></span> <span class='ocrx_word' id='word_1_232' title='bbox 1150 3055 1320 3122; x_wconf 71' lang='lat' dir='ltr'><strong>docuntur.</strong></span> 
     </span>
     <span class='ocr_line' id='line_1_28' title="bbox 146 3152 1322 3244; baseline 0.001 -29"><span class='ocrx_word' id='word_1_233' title='bbox 146 3154 206 3244; x_wconf 74' lang='lat' dir='ltr'><strong>Qui</strong></span> <span class='ocrx_word' id='word_1_234' title='bbox 233 3154 304 3218; x_wconf 87' lang='lat' dir='ltr'><strong>ado.</strong></span> <span class='ocrx_word' id='word_1_235' title='bbox 332 3157 440 3236; x_wconf 71' lang='lat' dir='ltr'><strong>leyen,</strong></span> <span class='ocrx_word' id='word_1_236' title='bbox 468 3158 535 3219; x_wconf 82' lang='lat' dir='ltr'><strong>scil.</strong></span> <span class='ocrx_word' id='word_1_237' title='bbox 557 3160 680 3219; x_wconf 84' lang='lat' dir='ltr'><strong>fecerat.</strong></span> <span class='ocrx_word' id='word_1_238' title='bbox 710 3161 750 3219; x_wconf 90' lang='lat' dir='ltr'><strong>ct.</strong></span> <span class='ocrx_word' id='word_1_239' title='bbox 777 3158 813 3218; x_wconf 80' lang='lat' dir='ltr'><strong>ad</strong></span> <span class='ocrx_word' id='word_1_240' title='bbox 835 3157 906 3218; x_wconf 81' lang='lat' dir='ltr'><strong>Art.</strong></span> <span class='ocrx_word' id='word_1_241' title='bbox 928 3157 978 3219; x_wconf 72' lang='lat'><strong>21.</strong></span> <span class='ocrx_word' id='word_1_242' title='bbox 1004 3152 1144 3218; x_wconf 80' lang='lat' dir='ltr'><strong>tlurnn.</strong></span> <span class='ocrx_word' id='word_1_243' title='bbox 1171 3154 1322 3235; x_wconf 78' lang='lat' dir='ltr'><strong>Mancipir</strong></span> 
     </span>
     <span class='ocr_line' id='line_1_29' title="bbox 143 3252 1320 3336; baseline 0.003 -23"><span class='ocrx_word' id='word_1_244' title='bbox 143 3254 231 3314; x_wconf 78' lang='lat' dir='ltr'><strong>etiarn</strong></span> <span class='ocrx_word' id='word_1_245' title='bbox 261 3259 321 3326; x_wconf 82' lang='lat' dir='ltr'><strong>(sc.</strong></span> <span class='ocrx_word' id='word_1_246' title='bbox 344 3255 605 3334; x_wconf 55' lang='lat' dir='ltr'><strong>continuabantur),</strong></span> <span class='ocrx_word' id='word_1_247' title='bbox 636 3259 661 3317; x_wconf 87' lang='lat' dir='ltr'><strong>si</strong></span> <span class='ocrx_word' id='word_1_248' title='bbox 691 3274 754 3317; x_wconf 82' lang='lat' dir='ltr'><strong>cunr</strong></span> <span class='ocrx_word' id='word_1_249' title='bbox 784 3275 839 3334; x_wconf 84' lang='lat' dir='ltr'><strong>co,</strong></span> <span class='ocrx_word' id='word_1_250' title='bbox 869 3256 949 3336; x_wconf 89' lang='lat' dir='ltr'><strong>qood</strong></span> <span class='ocrx_word' id='word_1_251' title='bbox 977 3254 1046 3315; x_wconf 82' lang='lat' dir='ltr'><strong>adv.</strong></span> <span class='ocrx_word' id='word_1_252' title='bbox 1074 3252 1138 3330; x_wconf 77' lang='lat' dir='ltr'><strong>leg.</strong></span> <span class='ocrx_word' id='word_1_253' title='bbox 1159 3254 1320 3332; x_wconf 83' lang='lat' dir='ltr'><strong>iecissent,</strong></span> 
     </span>
     <span class='ocr_line' id='line_1_30' title="bbox 142 3351 1322 3433; baseline 0 -20"><span class='ocrx_word' id='word_1_254' title='bbox 142 3351 233 3415; x_wconf 79' lang='lat' dir='ltr'><strong>nonita</strong></span> <span class='ocrx_word' id='word_1_255' title='bbox 253 3354 417 3415; x_wconf 75' lang='lat' dir='ltr'><strong>dicebatur.</strong></span> <span class='ocrx_word' id='word_1_256' title='bbox 442 3355 596 3432; x_wconf 77' lang='lat' dir='ltr'><strong>„ndrrriicb</strong></span> <span class='ocrx_word' id='word_1_257' title='bbox 618 3375 704 3417; x_wconf 86' lang='lat' dir='ltr'><strong>wenn</strong></span> <span class='ocrx_word' id='word_1_258' title='bbox 727 3354 869 3433; x_wconf 74' lang='lat' dir='ltr'><strong>nosnullo,</strong></span> <span class='ocrx_word' id='word_1_259' title='bbox 894 3354 964 3415; x_wconf 84' lang='lat' dir='ltr'><strong>dass</strong></span> <span class='ocrx_word' id='word_1_260' title='bbox 987 3355 1034 3415; x_wconf 88' lang='lat' dir='ltr'><strong>sie</strong></span> <span class='ocrx_word' id='word_1_261' title='bbox 1055 3369 1159 3430; x_wconf 78' lang='lat' dir='ltr'><strong>gcgcn</strong></span> <span class='ocrx_word' id='word_1_262' title='bbox 1183 3352 1237 3414; x_wconf 79' lang='lat' dir='ltr'><strong>dus</strong></span> <span class='ocrx_word' id='word_1_263' title='bbox 1260 3352 1322 3416; x_wconf 84' lang='lat' dir='ltr'><strong>Ge-</strong></span> 
     </span>
     <span class='ocr_line' id='line_1_31' title="bbox 140 3450 1321 3532; baseline 0.001 -19"><span class='ocrx_word' id='word_1_264' title='bbox 140 3457 206 3513; x_wconf 76' lang='lat' dir='ltr'><strong>seon</strong></span> <span class='ocrx_word' id='word_1_265' title='bbox 236 3453 419 3532; x_wconf 81' lang='lat' dir='ltr'><strong>gchandeit,</strong></span> <span class='ocrx_word' id='word_1_266' title='bbox 448 3454 547 3515; x_wconf 85' lang='lat' dir='ltr'><strong>anse</strong></span> <span class='ocrx_word' id='word_1_267' title='bbox 577 3456 700 3516; x_wconf 85' lang='lat' dir='ltr'><strong>erkunnt</strong></span> <span class='ocrx_word' id='word_1_268' title='bbox 727 3453 866 3515; x_wconf 82' lang='lat' dir='ltr'><strong>werdc.“</strong></span> <span class='ocrx_word' id='word_1_269' title='bbox 897 3451 990 3516; x_wconf 72' lang='lat' dir='ltr'><strong>scil.</strong></span> <span class='ocrx_word' id='word_1_270' title='bbox 1032 3453 1072 3514; x_wconf 75' lang='lat' dir='ltr'><strong>nt</strong></span> <span class='ocrx_word' id='word_1_271' title='bbox 1101 3450 1170 3513; x_wconf 89' lang='lat' dir='ltr'><strong>Pol.</strong></span> <span class='ocrx_word' id='word_1_272' title='bbox 1195 3455 1227 3513; x_wconf 89' lang='lat' dir='ltr'><strong>et</strong></span> <span class='ocrx_word' id='word_1_273' title='bbox 1249 3450 1321 3515; x_wconf 81' lang='lat' dir='ltr'><strong>Sub.</strong></span> 
     </span>
     <span class='ocr_line' id='line_1_32' title="bbox 142 3551 1321 3636; baseline 0.002 -26"><span class='ocrx_word' id='word_1_274' title='bbox 142 3551 218 3611; x_wconf 81' lang='lat' dir='ltr'><strong>ratio</strong></span> <span class='ocrx_word' id='word_1_275' title='bbox 248 3553 408 3614; x_wconf 83' lang='lat' dir='ltr'><strong>danrnnndu</strong></span> <span class='ocrx_word' id='word_1_276' title='bbox 434 3558 499 3632; x_wconf 87' lang='lat' dir='ltr'><strong>cst,</strong></span> <span class='ocrx_word' id='word_1_277' title='bbox 531 3573 617 3636; x_wconf 84' lang='lat' dir='ltr'><strong>quurn</strong></span> <span class='ocrx_word' id='word_1_278' title='bbox 641 3555 679 3615; x_wconf 95' lang='lat' dir='ltr'><strong>ob</strong></span> <span class='ocrx_word' id='word_1_279' title='bbox 702 3556 885 3631; x_wconf 84' lang='lat' dir='ltr'><strong>orationem,</strong></span> <span class='ocrx_word' id='word_1_280' title='bbox 912 3555 971 3614; x_wconf 87' lang='lat' dir='ltr'><strong>tuor</strong></span> <span class='ocrx_word' id='word_1_281' title='bbox 993 3552 1072 3634; x_wconf 84' lang='lat' dir='ltr'><strong>qnod</strong></span> <span class='ocrx_word' id='word_1_282' title='bbox 1093 3569 1191 3632; x_wconf 86' lang='lat' dir='ltr'><strong>noque</strong></span> <span class='ocrx_word' id='word_1_283' title='bbox 1213 3568 1321 3612; x_wconf 74' lang='lat' dir='ltr'><strong>sertus</strong></span> 
     </span>
     <span class='ocr_line' id='line_1_33' title="bbox 142 3647 1321 3735; baseline 0.003 -26"><span class='ocrx_word' id='word_1_284' title='bbox 142 3649 331 3728; x_wconf 82' lang='lat' dir='ltr'><strong>publicatos,</strong></span> <span class='ocrx_word' id='word_1_285' title='bbox 369 3671 466 3735; x_wconf 85' lang='lat' dir='ltr'><strong>neque</strong></span> <span class='ocrx_word' id='word_1_286' title='bbox 500 3654 540 3715; x_wconf 88' lang='lat' dir='ltr'><strong>iis</strong></span> <span class='ocrx_word' id='word_1_287' title='bbox 575 3653 692 3714; x_wconf 88' lang='lat' dir='ltr'><strong>rnoitnnr</strong></span> <span class='ocrx_word' id='word_1_288' title='bbox 725 3655 832 3714; x_wconf 85' lang='lat' dir='ltr'><strong>dictum</strong></span> <span class='ocrx_word' id='word_1_289' title='bbox 861 3670 931 3713; x_wconf 89' lang='lat' dir='ltr'><strong>csso</strong></span> <span class='ocrx_word' id='word_1_290' title='bbox 958 3666 1079 3732; x_wconf 85' lang='lat' dir='ltr'><strong>usqnorn</strong></span> <span class='ocrx_word' id='word_1_291' title='bbox 1106 3652 1237 3712; x_wconf 77' lang='lat' dir='ltr'><strong>constat.</strong></span> <span class='ocrx_word' id='word_1_292' title='bbox 1280 3647 1321 3713; x_wconf 86' lang='lat' dir='ltr'><strong>G:</strong></span> 
     </span>
     <span class='ocr_line' id='line_1_34' title="bbox 140 3744 1321 3836; baseline 0.004 -28"><span class='ocrx_word' id='word_1_293' title='bbox 140 3744 286 3830; x_wconf 76' lang='lat' dir='ltr'><strong>Mancini</strong></span> <span class='ocrx_word' id='word_1_294' title='bbox 315 3755 404 3814; x_wconf 87' lang='lat' dir='ltr'><strong>etium</strong></span> <span class='ocrx_word' id='word_1_295' title='bbox 431 3757 460 3814; x_wconf 86' lang='lat' dir='ltr'><strong>ci</strong></span> <span class='ocrx_word' id='word_1_296' title='bbox 487 3774 553 3816; x_wconf 89' lang='lat' dir='ltr'><strong>cum</strong></span> <span class='ocrx_word' id='word_1_297' title='bbox 581 3774 616 3816; x_wconf 87' lang='lat' dir='ltr'><strong>eo</strong></span> <span class='ocrx_word' id='word_1_298' title='bbox 643 3774 726 3836; x_wconf 77' lang='lat' dir='ltr'><strong>quero</strong></span> <span class='ocrx_word' id='word_1_299' title='bbox 751 3752 826 3813; x_wconf 90' lang='lat' dir='ltr'><strong>udo.</strong></span> <span class='ocrx_word' id='word_1_300' title='bbox 854 3752 949 3830; x_wconf 75' lang='lat' dir='ltr'><strong>leyen</strong></span> <span class='ocrx_word' id='word_1_301' title='bbox 972 3750 1091 3830; x_wconf 78' lang='lat' dir='ltr'><strong>secisse</strong></span> <span class='ocrx_word' id='word_1_302' title='bbox 1116 3749 1212 3811; x_wconf 72' lang='lat' dir='ltr'><strong>onuba</strong></span> <span class='ocrx_word' id='word_1_303' title='bbox 1233 3748 1321 3813; x_wconf 87' lang='lat' dir='ltr'><strong>dice-</strong></span> 
     </span>
     <span class='ocr_line' id='line_1_35' title="bbox 143 3846 1323 3935; baseline 0.004 -29"><span class='ocrx_word' id='word_1_304' title='bbox 143 3846 260 3910; x_wconf 79' lang='lat' dir='ltr'><strong>bantur.</strong></span> <span class='ocrx_word' id='word_1_305' title='bbox 305 3847 347 3912; x_wconf 86' lang='lat' dir='ltr'><strong>U:</strong></span> <span class='ocrx_word' id='word_1_306' title='bbox 375 3852 533 3935; x_wconf 84' lang='lat' dir='ltr'><strong>Mancipii</strong></span> <span class='ocrx_word' id='word_1_307' title='bbox 557 3858 648 3916; x_wconf 86' lang='lat' dir='ltr'><strong>etium</strong></span> <span class='ocrx_word' id='word_1_308' title='bbox 676 3857 705 3914; x_wconf 85' lang='lat' dir='ltr'><strong>oi</strong></span> <span class='ocrx_word' id='word_1_309' title='bbox 733 3871 799 3913; x_wconf 81' lang='lat' dir='ltr'><strong>erum</strong></span> <span class='ocrx_word' id='word_1_310' title='bbox 826 3867 862 3911; x_wconf 87' lang='lat' dir='ltr'><strong>eo</strong></span> <span class='ocrx_word' id='word_1_311' title='bbox 888 3869 972 3932; x_wconf 78' lang='lat' dir='ltr'><strong>quern</strong></span> <span class='ocrx_word' id='word_1_312' title='bbox 998 3848 1072 3912; x_wconf 89' lang='lat' dir='ltr'><strong>udo.</strong></span> <span class='ocrx_word' id='word_1_313' title='bbox 1099 3846 1158 3928; x_wconf 71' lang='lat' dir='ltr'><strong>leq.</strong></span> <span class='ocrx_word' id='word_1_314' title='bbox 1183 3849 1323 3911; x_wconf 77' lang='lat' dir='ltr'><strong>meeloca</strong></span> 
     </span>
     <span class='ocr_line' id='line_1_36' title="bbox 142 3947 1321 4035; baseline 0.003 -29"><span class='ocrx_word' id='word_1_315' title='bbox 142 3947 219 4020; x_wconf 86' lang='lat' dir='ltr'><strong>(sio)</strong></span> <span class='ocrx_word' id='word_1_316' title='bbox 243 3947 411 4013; x_wconf 82' lang='lat' dir='ltr'><strong>dicebatur.</strong></span> <span class='ocrx_word' id='word_1_317' title='bbox 452 3950 500 4014; x_wconf 88' lang='lat' dir='ltr'><strong>V:</strong></span> <span class='ocrx_word' id='word_1_318' title='bbox 527 3955 696 4035; x_wconf 84' lang='lat' dir='ltr'><strong>Mancipiu</strong></span> <span class='ocrx_word' id='word_1_319' title='bbox 717 3957 807 4015; x_wconf 83' lang='lat' dir='ltr'><strong>etiarn</strong></span> <span class='ocrx_word' id='word_1_320' title='bbox 827 3954 913 4012; x_wconf 82' lang='lat' dir='ltr'><strong>sicut</strong></span> <span class='ocrx_word' id='word_1_321' title='bbox 929 3966 965 4009; x_wconf 92' lang='lat' dir='ltr'><strong>eo</strong></span> <span class='ocrx_word' id='word_1_322' title='bbox 987 3968 1071 4031; x_wconf 75' lang='lat' dir='ltr'><strong>quem</strong></span> <span class='ocrx_word' id='word_1_323' title='bbox 1091 3947 1166 4008; x_wconf 88' lang='lat' dir='ltr'><strong>adu.</strong></span> <span class='ocrx_word' id='word_1_324' title='bbox 1190 3947 1250 4028; x_wconf 73' lang='lat' dir='ltr'><strong>icy.</strong></span> <span class='ocrx_word' id='word_1_325' title='bbox 1272 3952 1321 4010; x_wconf 86' lang='lat' dir='ltr'><strong>irr-</strong></span> 
     </span>
     <span class='ocr_line' id='line_1_37' title="bbox 140 4047 1324 4129; baseline 0.001 -21"><span class='ocrx_word' id='word_1_326' title='bbox 140 4050 245 4109; x_wconf 84' lang='lat' dir='ltr'><strong>oenire</strong></span> <span class='ocrx_word' id='word_1_327' title='bbox 265 4047 333 4109; x_wconf 89' lang='lat' dir='ltr'><strong>loco</strong></span> <span class='ocrx_word' id='word_1_328' title='bbox 354 4049 456 4128; x_wconf 82' lang='lat' dir='ltr'><strong>fuisse</strong></span> <span class='ocrx_word' id='word_1_329' title='bbox 476 4052 664 4115; x_wconf 83' lang='lat' dir='ltr'><strong>dicebantur.</strong></span> <span class='ocrx_word' id='word_1_330' title='bbox 706 4053 729 4113; x_wconf 74' lang='lat' dir='ltr'>F</span> <span class='ocrx_word' id='word_1_331' title='bbox 751 4057 785 4114; x_wconf 81' lang='lat' dir='ltr'><strong>ct&#39;</strong></span> <span class='ocrx_word' id='word_1_332' title='bbox 802 4051 851 4112; x_wconf 89' lang='lat' dir='ltr'><strong>ed.</strong></span> <span class='ocrx_word' id='word_1_333' title='bbox 869 4065 921 4128; x_wconf 88' lang='lat' dir='ltr'><strong>pr:</strong></span> <span class='ocrx_word' id='word_1_334' title='bbox 941 4048 1108 4129; x_wconf 84' lang='lat' dir='ltr'><strong>Maneipiu</strong></span> <span class='ocrx_word' id='word_1_335' title='bbox 1129 4050 1221 4108; x_wconf 81' lang='lat' dir='ltr'><strong>etiam</strong></span> <span class='ocrx_word' id='word_1_336' title='bbox 1243 4051 1324 4109; x_wconf 80' lang='lat' dir='ltr'><strong>cient</strong></span> 
     </span>
     <span class='ocr_line' id='line_1_38' title="bbox 141 4147 1321 4231; baseline -0.003 -19"><span class='ocrx_word' id='word_1_337' title='bbox 141 4164 194 4222; x_wconf 85' lang='lat' dir='ltr'><strong>eu,</strong></span> <span class='ocrx_word' id='word_1_338' title='bbox 217 4166 295 4229; x_wconf 77' lang='lat' dir='ltr'><strong>uuae</strong></span> <span class='ocrx_word' id='word_1_339' title='bbox 315 4148 385 4212; x_wconf 91' lang='lat' dir='ltr'><strong>adc.</strong></span> <span class='ocrx_word' id='word_1_340' title='bbox 408 4150 468 4230; x_wconf 73' lang='lat' dir='ltr'><strong>leq.</strong></span> <span class='ocrx_word' id='word_1_341' title='bbox 491 4157 556 4213; x_wconf 86' lang='lat' dir='ltr'><strong>iure</strong></span> <span class='ocrx_word' id='word_1_342' title='bbox 576 4155 646 4216; x_wconf 87' lang='lat' dir='ltr'><strong>ioco</strong></span> <span class='ocrx_word' id='word_1_343' title='bbox 666 4152 783 4231; x_wconf 78' lang='lat' dir='ltr'><strong>fecisse</strong></span> <span class='ocrx_word' id='word_1_344' title='bbox 804 4149 993 4212; x_wconf 82' lang='lat' dir='ltr'><strong>dicebantur.</strong></span> <span class='ocrx_word' id='word_1_345' title='bbox 1035 4147 1054 4208; x_wconf 91' lang='lat' dir='ltr'>J</span> <span class='ocrx_word' id='word_1_346' title='bbox 1074 4151 1106 4208; x_wconf 84' lang='lat' dir='ltr'><strong>ei</strong></span> <span class='ocrx_word' id='word_1_347' title='bbox 1125 4163 1193 4209; x_wconf 84' lang='lat' dir='ltr'><strong>reo:</strong></span> <span class='ocrx_word' id='word_1_348' title='bbox 1221 4148 1321 4209; x_wconf 81' lang='lat' dir='ltr'><strong>Man-</strong></span> 
     </span>
     <span class='ocr_line' id='line_1_39' title="bbox 140 4238 1321 4332; baseline -0.003 -21"><span class='ocrx_word' id='word_1_349' title='bbox 140 4252 225 4331; x_wconf 78' lang='lat' dir='ltr'><strong>cipio</strong></span> <span class='ocrx_word' id='word_1_350' title='bbox 245 4253 334 4313; x_wconf 87' lang='lat' dir='ltr'><strong>etiarn</strong></span> <span class='ocrx_word' id='word_1_351' title='bbox 354 4255 435 4312; x_wconf 83' lang='lat' dir='ltr'><strong>sicut</strong></span> <span class='ocrx_word' id='word_1_352' title='bbox 454 4266 507 4328; x_wconf 84' lang='lat' dir='ltr'><strong>eu,</strong></span> <span class='ocrx_word' id='word_1_353' title='bbox 537 4272 614 4332; x_wconf 70' lang='lat' dir='ltr'><strong>uiue</strong></span> <span class='ocrx_word' id='word_1_354' title='bbox 635 4252 708 4314; x_wconf 89' lang='lat' dir='ltr'><strong>ado.</strong></span> <span class='ocrx_word' id='word_1_355' title='bbox 730 4250 788 4329; x_wconf 71' lang='lat' dir='ltr'><strong>lca.</strong></span> <span class='ocrx_word' id='word_1_356' title='bbox 810 4250 923 4310; x_wconf 81' lang='lat' dir='ltr'><strong>mulcta</strong></span> <span class='ocrx_word' id='word_1_357' title='bbox 944 4247 1013 4309; x_wconf 79' lang='lat' dir='ltr'><strong>ioco</strong></span> <span class='ocrx_word' id='word_1_358' title='bbox 1033 4247 1151 4327; x_wconf 75' lang='lat' dir='ltr'><strong>secisse</strong></span> <span class='ocrx_word' id='word_1_359' title='bbox 1172 4238 1321 4307; x_wconf 75' lang='lat' dir='ltr'><strong>diceban-</strong></span> 
     </span>
     <span class='ocr_line' id='line_1_40' title="bbox 139 4345 1319 4434; baseline -0.003 -23"><span class='ocrx_word' id='word_1_360' title='bbox 139 4356 198 4416; x_wconf 75' lang='lat' dir='ltr'><strong>tur.</strong></span> <span class='ocrx_word' id='word_1_361' title='bbox 235 4348 339 4412; x_wconf 86' lang='lat' dir='ltr'><strong>iubis</strong></span> <span class='ocrx_word' id='word_1_362' title='bbox 362 4351 494 4428; x_wconf 76' lang='lat' dir='ltr'><strong>genuino</strong></span> <span class='ocrx_word' id='word_1_363' title='bbox 513 4355 599 4413; x_wconf 79' lang='lat' dir='ltr'><strong>sunit</strong></span> <span class='ocrx_word' id='word_1_364' title='bbox 620 4352 765 4434; x_wconf 72' lang='lat' dir='ltr'><strong>Mancini</strong></span> <span class='ocrx_word' id='word_1_365' title='bbox 786 4347 1030 4414; x_wconf 83' lang='lat' dir='ltr'><strong>etium—-rnuttu</strong></span> <span class='ocrx_word' id='word_1_366' title='bbox 1051 4345 1220 4414; x_wconf 84' lang='lat' dir='ltr'><strong>dicebatur.</strong></span> <span class='ocrx_word' id='word_1_367' title='bbox 1258 4349 1319 4409; x_wconf 86' lang='lat' dir='ltr'><strong>Di-</strong></span> 
     </span>
    </p>
   </div>
   <div class='ocr_carea' id='block_1_5' title="bbox 0 0 1448 4710">
    <p class='ocr_par' dir='ltr' id='par_1_9' title="bbox 0 0 1448 4710">
     <span class='ocr_line' id='line_1_41' title="bbox 0 0 1448 4710; baseline 0 0"><span class='ocrx_word' id='word_1_368' title='bbox 0 0 1448 4710; x_wconf 95' lang='lat' dir='ltr'><strong> </strong></span> 
     </span>
    </p>
   </div>
  </div>
 </body>
</html>
