2888 4710
75 192 255 273 XXXIV
560 192 884 272 PRAEFATIO.

75 450 148 526 quo
172 426 366 524 Frontinus
398 424 525 501 librum
557 450 660 500 sunm
692 426 820 525 publici
846 427 932 499 iuris
966 426 1104 523 lecerit,
1143 427 1355 526 pertinentia

76 561 317 659 inpraesenti
344 583 618 634 commemorare
644 565 775 656 omitto,
812 569 999 657 propterea
1025 559 1120 657 quod
1143 562 1179 634 in
1203 561 1359 638 Frontini

76 697 185 767 vitam
210 693 278 766 alio
304 693 384 767 loco
411 702 445 764 et
470 701 627 789 tempore
653 692 828 788 inquirere
854 691 935 764 mibi
960 692 994 764 in
1028 693 1143 766 animo
1170 702 1239 791 est,
1262 704 1359 792 post·

75 846 227 922 cuquam
260 834 378 897 cetera
417 827 495 897 eius
534 826 676 921 scripta,
705 833 752 897 e·t
799 847 889 920 quae
927 826 1079 921 genuina
1123 823 1298 899 habentur
1326 835 1357 900 et

75 979 168 1054 quae
209 957 366 1030 seruntur
413 957 644 1053 supposititia,
692 966 935 1054 perscrutatus
974 956 1102 1030 iudicio
1141 956 1361 1105 diligentiori,
1408 988 1410 1059 ;

76 1112 182 1188 quam
207 1076 320 1164 adbuc
346 1088 475 1162 lactum
500 1099 566 1185 est,
594 1089 794 1163 subiecero
804 1088 850 1183 *l

176 1254 374 1351 Postquam
400 1252 443 1328 de
470 1251 639 1328 subsidiis
666 1254 826 1327 omnibus
854 1252 1041 1351 disputavi,
1071 1252 1115 1327 ad
1140 1253 1301 1328 ultimum
1326 1252 1365 1329 de

75 1394 155 1462 mea
181 1376 340 1460 llrontim
379 1368 528 1460 editione
565 1385 647 1458 milri
684 1384 898 1482 loquendum
936 1410 1021 1460 esse
1061 1386 1171 1460 dicas
1210 1384 1288 1462 ·An
1326 1384 1366 1460 de

75 1516 225 1595 consilio
252 1529 287 1594 et
318 1517 579 1616 descriptione?
630 1515 816 1592 Revolvas
854 1513 941 1592 vero
978 1519 1115 1617 librum,
1157 1529 1192 1592 et
1228 1520 1368 1593 tuismet

76 1652 191 1727 oculis
228 1652 322 1725 ultro
361 1675 404 1725 ea
443 1651 617 1748 patebunt.
676 1651 919 1748 Depravatum
953 1640 1217 1747 mutilatumque
1242 1650 1367 1759 librum

78 1790 118 1860 ut
149 1806 381 1882 repurgarem
420 1792 455 1854 et
493 1787 732 1876 restituerem,
773 1782 809 1854 id
834 1782 916 1855 milri
942 1785 1132 1881 praecipue
1159 1782 1258 1857 cordi
1287 1793 1360 1857 erat

77 1906 184 2012 quam
230 1939 374 1988 causam
422 1915 651 1988 comitabatur
687 1913 830 2012 linguae
869 1917 1106 2012 orationisque
1144 1915 1368 1990 illustrandae

78 2045 243 2147 studium.
292 2047 411 2122 Notas
426 2048 577 2141 criticas,
604 2057 643 2119 ut
669 2070 790 2120 earum
815 2071 952 2120 summa
977 2048 1012 2120 in
1039 2062 1233 2146 conspectu
1260 2028 1368 2144 esset,

76 2174 189 2254 textui
214 2179 360 2276 subieci,
399 2179 595 2274 uberioreS,
636 2203 742 2276 quum
768 2181 919 2278 spatium
944 2205 1012 2253 non
1038 2190 1191 2278 caperet,
1205 2166 1210 2173 ⁵
1226 2180 1260 2253 in
1286 2179 1370 2255 An-

77 2302 168 2390 nott
202 2311 322 2384 reieci.
371 2310 499 2385 Rebus
538 2309 754 2408 explicandis
793 2338 935 2409 operam
962 2310 1037 2386 sere
1061 2303 1212 2410 navavi,
1244 2313 1371 2410 quibus

77 2443 169 2519 locis
195 2466 279 2516 esse
304 2440 547 2517 necessarium
581 2441 762 2540 ducebam,
803 2455 863 2517 aut
887 2445 976 2518 inter
1001 2446 1211 2543 interpretes
1238 2424 1372 2519 veritas

78 2576 115 2652 in
140 2575 391 2673 disceptatione
416 2577 636 2651 versabatur.
688 2574 1066 2652 Gravioribus'autem
1092 2578 1126 2652 in
1161 2577 1295 2674 causiS,
1337 2587 1373 2650 ut

78 2709 140 2806 qui
173 2733 296 2806 parum
330 2713 444 2806 ipsam
478 2711 530 2782 rei
564 2713 730 2804 aquariae
758 2708 976 2807 disciplinam
1003 2711 1137 2806 ingenii
1161 2695 1232 2781 mei
1257 2710 1369 2784 imbe-

80 2840 223 2916 cillitate
248 2865 305 2914 me
331 2846 478 2938 assequi
504 2844 665 2939 potuisse
692 2843 846 2940 ingenue
879 2840 1000 2934 fatear,
1042 2851 1102 2914 ant
1127 2840 1172 2914 ad
1197 2840 1371 2919 Schultzii

79 2971 364 3050 Commentarios
398 2976 601 3072 provocavi,
640 2985 702 3047 ant
733 2958 837 3048 tacite
872 2973 1020 3048 subinde
1055 2975 1132 3047 eius
1167 2975 1375 3047 sententiam

80 3105 280 3203 amplexus·
303 3130 402 3179 sum:
442 3107 476 3178 in
510 3105 752 3204 computandis
777 3106 927 3179 modulis
955 3108 1154 3202 ceterisque
1181 3106 1373 3180 rationibus

79 3238 345 3336 religiosissimi
363 3236 490 3312 Poleni
515 3239 617 3334 sequi
643 3237 856 3335 diligentiam
880 3239 995 3311 malui.
1047 3237 1110 3312 An
1137 3238 1180 3311 de
1207 3240 1373 3312 versione

80 3370 223 3445 dicaml
275 3366 393 3461 Quam
417 3371 522 3444 velim
549 3375 734 3443 existimes
760 3396 830 3444 non
855 3371 900 3444 ad
924 3372 1138 3468 voluptatem
1166 3369 1371 3443 delectatio-

79 3524 230 3600 nemque
255 3501 458 3600 legentium,
498 3501 564 3576 sed
590 3502 634 3575 ad
658 3528 763 3576 usum
790 3528 874 3576 esse
900 3514 1113 3601 apparatam,
1141 3504 1371 3578 Frontinum-

81 3628 150 3732 que'
195 3652 297 3730 esse,
356 3636 415 3731 qui
452 3640 655 3734 germanice
704 3634 872 3729 redditur,
930 3660 1112 3709 munerum
1154 3636 1374 3734 publicorum

79 3774 249 3842 severum
284 3776 485 3841 'curatorem
519 3773 703 3867 vergentis
740 3767 929 3865 latinitatis,
989 3793 1058 3842 non
1103 3769 1248 3866 politum
1302 3791 1368 3840 su-

180 4030 215 4106 l)
272 4030 451 4095 Absolutam
485 4031 542 4093 iam
574 4052 592 4094 a
623 4052 669 4096 mc
703 4052 739 4095 ca
772 4031 809 4094 dc
840 4050 873 4094 rc
906 4032 1152 4112 disputationem,
1192 4035 1369 4114 inscriptam

82 4147 312 4230 „mucbstdclre
345 4165 399 4208 aus
441 4149 507 4210 dem
542 4146 644 4211 beben
676 4149 730 4211 das
766 4147 843 4212 Sex.
868 4148 966 4210 lulius
1001 4148 1189 4228 Frontinus,“
1228 4148 1318 4226 legas
1345 4150 1375 4211 in

81 4264 231 4329 boltrobr.
254 4265 302 4324 fiir
320 4262 457 4326 Altcrtlr.
481 4264 671 4327 Wisscnsolr.
692 4265 723 4326 J.
748 4268 838 4327 1839.
860 4263 936 4327 Hert
957 4268 977 4325 9
999 4267 1057 4327 und
1081 4270 1129 4346 11,
1148 4283 1212 4326 curn
1230 4284 1305 4345 ⁴sors
1332 4266 1375 4328 itu

82 4380 197 4465 tulerit,
216 4383 249 4442 ut
267 4381 362 4461 ipsam
383 4378 515 4445 Frontint
538 4381 699 4451 editionem
722 4380 891 4460 oportuerit
913 4374 1034 4444 dinam.
