2888 4710
503 187 913 271 FRON'HNUS

170 423 290 497 titulus
329 434 386 498 est
417 420 490 499 DE
522 419 703 514 nolus.
754 419 860 516 Quae
894 444 987 497 nuno
1016 445 1083 498 nos
1110 423 1228 499 omnia
1251 423 1346 501 simili

169 540 309 613 lieentia
333 549 513 638 usurpata,
539 539 670 613 utinam
694 562 763 613 uon
789 561 855 637 per
879 537 1060 633 offensas,
1099 537 1345 638 probaremus:

170 655 325 752 irriguos
352 676 487 754 agroS,
526 653 712 750 tabernas,
748 653 939 729 eoenaoula
965 653 1093 750 etiam,
1135 654 1347 751 corruptelas

172 770 322 867 denique
346 793 470 845 omnes
495 770 675 868 perpetuis
701 768 907 844 salientibus
933 769 1124 844 instructas
1144 769 1347 845 invenimus

171 885 265 960 Nom
301 883 395 982 quod
430 885 531 960 salsis
565 885 676 958 titulis
702 885 792 961 aliae
816 908 882 983 pro
908 884 985 959 aliis
1011 908 1125 983 aquae
1150 885 1348 983 erogaban-

173 1010 248 1097 tur,
288 1001 392 1075 etiam
426 1011 509 1076 sunt
541 1000 631 1075 inter
662 999 798 1076 leviora
823 1000 952 1075 ueteris
977 1001 1072 1076 vitia.
1106 1001 1205 1075 Inter
1230 1024 1276 1075 ea
1298 1010 1350 1075 m·

172 1140 264 1214 men,
291 1139 383 1214 quae
408 1114 684 1191 emendationem
708 1114 916 1191 videbantur
952 1121 1124 1215 exigere,
1164 1139 1349 1192 uumemu-

171 1231 254 1306 dum
279 1241 347 1328 est,
374 1229 468 1329 quod
491 1231 567 1309 lere
593 1232 688 1306 eirea
712 1242 867 1307 montem
892 1229 1056 1308 Coelium
1082 1244 1117 1307 et
1135 1230 1351 1308 Aventinum

174 1345 311 1422 aeeidit.
375 1345 448 1440 Qui
485 1346 621 1445 eolles,
660 1347 864 1445 priusquam
901 1345 1053 1424 Claudia
1088 1346 1350 1448 perduceretur,

173 1463 360 1539 utebantur
382 1464 521 1539 Mareia
545 1472 581 1539 et
604 1462 712 1539 Julia.
764 1461 844 1542 Sed
875 1473 1062 1561 postquam
1094 1462 1198 1540 Nero
1236 1465 1351 1561 Impe-

173 1591 270 1654 rator
295 1577 492 1675 Claudiam,
519 1602 628 1676 opere
654 1591 799 1653 arcuato
824 1578 930 1654 altius
956 1589 1153 1678 exceptam,
1180 1578 1351 1677 usquead

173 1694 341 1793 templum
370 1695 457 1769 Divi
488 1693 630 1772 Claudii
654 1692 841 1794 perduxit,
879 1706 918 1769 ut
955 1695 1035 1769 inde
1072 1694 1349 1788 distribueretur,

173 1812 312 1913 priores
338 1833 408 1885 non
434 1811 618 1909 ampliatae
643 1807 710 1883 sed
734 1811 891 1886 omissae
916 1820 1019 1886 sunt:
1053 1811 1147 1887 nulla
1173 1812 1270 1887 enim
1293 1834 1349 1889 eo·

174 1924 278 1999 stella
302 1923 448 2022 adiecit,
475 1926 542 2002 sed
565 1925 693 2001 iisdem
716 1949 807 2001 usus
833 1939 901 2022 est,
926 1951 1084 2025 quorum,
1100 1927 1351 2024 quamvismu·

173 2051 245 2116 tata
269 2063 372 2139 aqua,
399 2051 505 2116 vetus
530 2041 716 2141 appellatio
741 2044 943 2141 permansit.

100 2158 150 2231 ut
249 2155 352 2236 Satis
377 2158 446 2231 iam
470 2155 515 2231 de
540 2155 646 2232 modo
671 2161 842 2254 cuiusque
881 2171 918 2233 et
954 2158 1061 2232 veluti
1088 2183 1181 2232 nora
1208 2157 1349 2255 quadam

174 2273 405 2377 acquisitione
430 2297 622 2372 aquarum,
662 2283 698 2349 et
722 2273 903 2352 fraudibus
929 2283 966 2351 et
989 2275 1104 2370 vitiis,
1143 2298 1238 2371 quae
1265 2276 1350 2347 enm

81 2514 316 2533 m

174 2677 287 2740 ceteris
307 2679 378 2741 sunt
398 2676 527 2740 leviora.
559 2677 661 2743 illinus
681 2676 799 2760 quidem
821 2677 965 2757 expedita
987 2677 1083 2739 ontio
1106 2678 1165 2755 est,
1182 2677 1239 2737 sed
1262 2679 1353 2738 mures

173 2778 266 2838 reeta

219 2875 452 2956 rummandum)
475 2876 505 2939 V
527 2879 560 2939 et
580 2875 657 2938 edd:
678 2874 855 2938 mirandum

209 2975 459 3056 perdometur)
480 2974 510 3037 V
531 2976 555 3038 l*
577 2973 622 3044 0:
649 2975 742 3058 prod.
764 2979 796 3037 et
817 2975 893 3037 inim
911 2974 1069 3058 produxit.

217 3073 395 3157 postquam)
419 3076 449 3137 V
470 3080 501 3138 el
522 3073 597 3136 edd:
617 3084 832 3157 posteaquam.

220 3174 315 3236 altius
336 3173 475 3256 except.)
498 3170 539 3238 G:
560 3191 655 3235 aecor
676 3181 799 3256 recept.
837 3170 865 3233 U
886 3171 932 3235 V:
954 3192 992 3236 aa
1012 3216 1021 3235 .
1044 3215 1052 3234 .
1076 3216 1085 3233 .
1108 3182 1232 3253 except.
1275 3171 1355 3234 llddt

174 3277 341 3356 &sumpsit
359 3284 481 3356 except.
501 3293 533 3333 v.
555 3271 681 3335 Auuott.

221 3371 370 3450 omissae)
390 3373 421 3434 V
442 3377 474 3434 et
495 3370 576 3433 edd:
597 3375 740 3434 andreae.
761 3389 794 3436 v.
815 3369 942 3435 Anuott.

221 3473 321 3549 oolla)
346 3471 390 3537 (lt
412 3492 434 3535 a
454 3470 552 3535 nulla.
573 3503 616 3515 -
635 3489 710 3532 usus
728 3473 794 3552 eet)
816 3469 894 3534 Edd.
917 3489 975 3533 orn.
997 3479 1052 3532 est.

127 3571 141 3590 ⁹
219 3575 365 3654 cuiusque
384 3582 416 3634 et
436 3572 514 3647 vel.)
538 3567 580 3635 C:
603 3573 751 3653 cuiusque
771 3569 864 3631 velut.
887 3569 931 3632 V:
954 3588 1078 3653 oumpue
1098 3568 1204 3632 oderi.

176 3668 340 3752 aquarum]
363 3667 404 3733 C:
427 3690 564 3760 quarum.
585 3698 628 3718 ν·-
647 3665 721 3748 eaa)
745 3665 787 3731 G:
808 3687 857 3729 ea.

221 3779 253 3831 et
269 3769 394 3849 stood.)
416 3768 519 3846 Lego:
540 3778 574 3832 et
591 3769 632 3832 de
651 3767 760 3849 (raud.
781 3767 919 3832 imisit.
940 3767 1035 3832 Beue.

224 3868 391 3949 consertam
414 3866 490 3950 ete.)
535 3867 775 3945 P01.vo1gavrt:
799 3868 981 3951 confectam,
1004 3877 1033 3928 et
1054 3865 1105 3946 (ut
1126 3864 1359 3947 oie-dimfis

176 3985 308 4032 massam
328 3970 393 4030 inv.
411 3967 640 4047 interpretatus}
673 3969 705 4029 in
736 3985 875 4030 summam
899 3984 940 4028 ex
966 3965 1176 4046 partitionibus
1197 3962 1358 4027 neronom

177 4069 387 4143 coustitutum,
416 4067 627 4147 partitlonilrus
647 4065 827 4143 nrinorilrus,
860 4067 891 4128 in
912 4085 986 4147 quas
1007 4063 1276 4126 subdividelrantur
1295 4082 1357 4126 ma

176 4169 272 4246 iores,
294 4165 457 4244 neglectis.
500 4163 618 4246 Opsop.
639 4167 741 4227 forsan
762 4183 822 4227 non
843 4165 1066 4245 improbandum
1094 4180 1165 4225 esse
1191 4166 1358 4227 corisum

177 4268 308 4329 aunomt.
352 4264 415 4329 Sed
448 4263 474 4328 C
501 4262 545 4328 U:
584 4264 753 4344 consertam
784 4263 844 4336 (Ut
873 4257 1081 4345 construtam)
1108 4271 1140 4324 et
1167 4269 1201 4323 ut
1225 4265 1275 4324 ete
1297 4261 1357 4328 die.

156 4367 255 4428 uude
277 4363 352 4429 svn.
373 4363 467 4443 legit:
490 4364 687 4445 confractam,
709 4372 742 4426 ut
760 4368 809 4426 sie
829 4361 891 4427 die.
913 4362 963 4444 qul
984 4365 1067 4425 reule
1088 4359 1205 4424 deleuit
1224 4369 1277 4442 et,
1305 4378 1357 4423 se-
