2888 4710
334 301 338 307 ,
424 198 495 282 ns
522 202 711 298 noune
737 200 1037 285 DUbblBtssss

76 434 154 512 bus
181 461 228 511 ex
252 439 377 511 vacuis
400 439 475 513 dari
496 441 644 537 possint.
676 439 755 512 Has
782 460 893 535 squas
921 438 1036 509 statirn
1063 434 1269 510 intercidere

84 555 264 628 solebant.
301 567 341 628 nt
366 554 481 629 rnedio
509 568 667 652 ternpore
693 554 884 627 venderent
909 565 968 626 aut
995 555 1269 648 possessoribus

83 669 304 766 praediorum
340 685 398 743 sut
430 672 507 744 nliis
542 672 653 743 etiarn.
706 671 903 743 Hurnsnius
929 682 1043 742 autern
1070 673 1185 742 visum
1213 682 1269 742 est

82 786 242 883 Principi
283 799 423 869 nostro,
463 811 507 860 ne
546 786 703 885 praedis·
723 789 840 860 subito
873 785 1162 879 destituerentur,
1203 787 1267 856 tri-

82 904 181 999 ginta
215 901 348 975 dierum
381 905 531 1000 spatium
563 903 754 1001 indulgeri,
790 905 879 976 intra
905 901 998 998 qnod
1023 903 1067 996 ti,
1103 901 1147 973 ad
1174 924 1265 997 quos

81 1043 143 1091 res
170 1021 376 1114 pertineret,
406 1017 638 1115 dispertirent.

155 1135 215 1209 De
248 1159 338 1232 aqua
372 1140 406 1208 in
439 1135 580 1232 praedia
613 1135 789 1209 sociorum
818 1133 896 1207 data
928 1134 1009 1207 nilril
1037 1135 1265 1208 constitutum

81 1252 241 1325 invenio:
280 1250 421 1347 perinde
453 1263 566 1325 tamen
601 1252 810 1324 observatur
836 1276 878 1323 nc
904 1251 979 1323 iure
1006 1262 1164 1335 cautum,
1199 1264 1263 1343 ut,

82 1367 179 1440 dnnr
215 1372 319 1463 quis
355 1391 406 1440 ex
439 1367 518 1453 iis,
555 1373 628 1465 qui
654 1373 953 1440 crrmrnuniter
978 1372 1264 1463 impetrave-

80 1495 202 1579 runt,
243 1497 545 1581 superesset,
585 1494 713 1556 totns
750 1482 907 1557 modus
941 1481 1149 1581 praediis
1184 1508 1263 1555 as-

94 1674 331 1692 m

120 1768 199 1829 nibil
220 1765 335 1850 const.)
359 1766 388 1829 V
409 1767 451 1830 b:
473 1772 535 1831 nisi
556 1779 653 1831 const.

117 1869 345 1949 periodeutes)
366 1867 397 1930 V
417 1868 458 1931 F:
479 1869 619 1951 proinde.
644 1888 675 1928 v.
698 1868 824 1929 Annuit.

119 1967 311 2049 superesset)
333 1966 360 2029 U
380 1967 430 2031 V:
452 1987 623 2050 superesse.

118 2067 228 2130 modus
246 2088 296 2150 pr.
317 2071 398 2141 ass.)
431 2068 478 2129 V:
500 2066 607 2128 modos
630 2092 671 2126 .·.
694 2111 702 2128 .
724 2111 733 2128 .
756 2110 764 2126 .
784 2086 861 2128 esse
878 2076 1039 2148 pronatus.
1092 2067 1129 2128 l':
1159 2066 1266 2130 modus

75 2170 197 2247 intepro
219 2210 228 2227 .
251 2210 259 2228 .
283 2209 292 2226 .
316 2209 325 2227 .
346 2171 414 2229 ussi
433 2175 590 2250 pronatus.

120 2267 255 2329 desisset
274 2261 416 2349 puispue)
437 2266 516 2342 neg.
539 2287 605 2328 eum
627 2265 772 2327 desiisset
791 2284 860 2329 esse
882 2269 1008 2347 pirisque
1028 2287 1067 2326 er
1088 2271 1137 2341 iis,
1160 2269 1266 2349 quibus

76 2365 184 2428 datum
199 2375 266 2429 erut
279 2365 455 2449 possidere.
483 2365 531 2428 lle
549 2366 692 2427 desiisset
706 2384 774 2424 esse
788 2365 924 2426 Brisson.
941 2385 971 2424 r.
983 2365 1099 2427 desino.
1127 2366 1265 2432 Hbllb'll.

78 2484 110 2528 r.
132 2466 258 2527 Annott.
300 2464 392 2528 GU:
414 2464 547 2527 desisset
565 2470 729 2548 qnisquam.
770 2462 898 2524 vri:
922 2464 1077 2539 dedisset,
1106 2468 1127 2525 i.
1151 2485 1180 2526 e.
1210 2469 1265 2528 dc-

74 2566 185 2626 sisset.
228 2564 282 2626 Slo
309 2563 378 2625 Art.
411 2567 469 2626 los
500 2569 564 2624 tres
593 2563 681 2624 codd.
705 2560 833 2623 desisse.
876 2561 944 2622 Pol.
969 2582 1007 2623 ex
1030 2584 1083 2624 sua
1103 2566 1122 2625 J
1145 2572 1176 2627 et
1197 2567 1265 2626 edd.

76 2680 147 2727 reo:
171 2662 325 2726 desiisset.
368 2663 426 2724 Pro
447 2662 611 2745 possidere
632 2660 658 2722 U
679 2659 771 2721 lubet
791 2661 983 2741 praesidere.
1005 2663 1035 2724 V
1052 2668 1083 2724 rt
1103 2663 1177 2729 edd:
1200 2674 1268 2726 eret

74 2763 192 2825 domm.
213 2762 301 2825 lldcm
323 2777 363 2825 es
382 2763 440 2825 ite.
905 2798 909 2812 ·-

117 2861 198 2944 inp.
220 2869 345 2944 apuam)
388 2861 470 2924 lribrl
492 2879 595 2923 omnes
612 2859 787 2942 impetratu
807 2879 898 2940 spuo.
939 2859 1015 2921 Tunr
1039 2861 1080 2924 C:
1102 2863 1266 2942 palamst,

76 2964 99 3023 i.
123 2980 151 3024 e.
173 2960 269 3039 pslnn
292 2966 350 3025 est.
384 2962 465 3044 qnod
494 2961 698 3040 compendium
724 2958 863 3021 librarius
890 2960 1007 3021 corticis
1030 2958 1056 3020 U
1082 2963 1216 3040 corrupit
1237 2965 1267 3022 in

75 3061 305 3138 titienses,
328 3061 443 3123 codicis
467 3060 497 3123 V
518 3062 550 3122 in
568 3061 619 3138 8.,
649 3058 742 3121 altera
763 3060 864 3121 litters
885 3060 1015 3140 omisss3
1044 3078 1083 3120 ex
1112 3079 1170 3140 quo
1199 3063 1263 3120 edi-

75 3165 163 3222 tores
183 3159 242 3222 slbl
263 3158 443 3222 effluxerunt
462 3159 497 3222 S.
521 3178 605 3222 eone.
627 3164 659 3220 et
678 3159 713 3222 S.
737 3158 878 3233 connis
916 3160 964 3220 cni
981 3159 1015 3219 S.
1039 3157 1097 3221 uto
1120 3159 1266 3220 videlicet

74 3276 232 3339 perperam
254 3258 458 3338 patrocinatur
479 3256 604 3323 coner.
649 3257 789 3339 Denique
810 3266 954 3339 oportere
974 3259 1002 3318 in
1025 3258 1093 3320 edd.
1111 3276 1173 3318 rec.
1191 3277 1265 3336 pes-

73 3358 243 3421 sumdsturn
266 3359 295 3419 ln
316 3366 446 3440 oportet.
488 3356 590 3422 Palem
612 3362 678 3434 est,
711 3359 742 3419 in
769 3357 859 3418 oodd.
888 3357 1027 3419 librarios
1047 3375 1102 3435 per
1123 3358 1264 3416 incuriam

73 3455 257 3534 neglexisse
279 3456 391 3520 litteris
413 3455 549 3519 finalibus
569 3476 591 3517 a
604 3437 825 3519 'rumbolorum
846 3461 1010 3538 impetrata
1029 3475 1112 3537 apua
1128 3455 1264 3516 lineolam

75 3554 158 3617 tllnnr
179 3561 380 3617 transversam
401 3556 573 3635 imponere3
601 3574 686 3637 quam
713 3575 800 3637 qnurn
831 3557 861 3616 ln
882 3555 1031 3617 vocabulo
1053 3559 1216 3636 impetrato
1236 3557 1265 3615 in

74 3653 261 3717 CPolsnus
282 3656 400 3716 ridisse
422 3657 568 3733 testetur,
604 3653 656 3716 bic
683 3656 784 3716 eodcx
812 3655 959 3731 integram
988 3653 1121 3715 Frontini
1152 3672 1265 3716 manuni

74 3771 201 3815 serrare
223 3758 359 3834 apparet,
382 3754 468 3814 cuins
489 3751 565 3814 bees
587 3757 636 3815 est
656 3755 814 3831 syntaxis:
852 3751 947 3833 palam
969 3757 1034 3831 est,
1072 3771 1176 3836 aquarn
1198 3755 1266 3813 duri

73 3871 134 3921 non
156 3856 310 3932 oportere.

112 3951 200 4024 alio)
222 3950 300 4014 snb:
322 3955 354 4015 in
373 3951 450 4015 uiis

116 4048 677 4133 praeapojveteoo:puen
700 4069 888 4134 puoeeep.

116 4146 296 4224 continebit)
319 4149 366 4213 lta
386 4169 428 4213 ex
451 4149 477 4213 C
499 4149 567 4210 Pol.
592 4149 694 4213 Ceteri
717 4150 784 4212 libri
808 4150 1014 4214 contrudebat.
1046 4150 1126 4214 Sch:
1151 4168 1263 4211 coroe-

72 4245 178 4311 debas
201 4246 250 4312 Gi.
272 4249 403 4313 Amuli.

113 4346 310 4429 probibetrtr)
331 4348 355 4411 F
375 4348 411 4414 J:
431 4349 601 4431 probibent.

1298 199 1372 275 ’109
