2888 4710
71 191 144 267 128

513 186 921 269 FRONTINUS

170 425 343 518 :nequitate
369 445 413 494 ne
440 446 481 497 ea
508 422 644 517 quidem
673 424 862 520 eripuerint
887 422 1056 519 privetu,
1087 445 1178 517 quse
1203 421 1246 495 ul
1269 444 1330 497 rno-

171 541 251 613 uun
278 538 452 635 publicum
478 539 712 635 pertinebant,
742 537 827 631 sed,
859 562 936 610 cunr
964 562 1076 633 aquas
1105 538 1347 634 perducerent,¹

170 657 202 727 si
228 652 400 727 difficilior
426 677 620 750 possessor
646 658 678 724 in
705 665 803 751 parte
830 653 1012 726 vendenda
1036 654 1168 747 suerat,
1196 668 1332 751 prototo

169 794 257 867 agro
291 774 473 865 pecuniam
506 768 682 841 intulerint
715 782 750 841 et
779 782 860 866 post
891 770 1120 844 determinata
1147 772 1334 843 necessarie

168 888 247 958 ioca
283 909 406 958 rursus
442 909 521 957 eum
553 908 678 981 ugrum
708 884 945 977 vendiderint,
980 898 1020 958 ut
1050 886 1084 957 in
1117 888 1197 958 suis
1224 885 1334 959 finibus

169 1002 346 1100 proprium
372 1006 429 1073 ius
454 1025 514 1073 res
540 1001 679 1098 publicu
706 1024 808 1095 quarn
834 1006 971 1097 privata
997 1001 1178 1103 haberent.
1229 1002 1334 1075 Pieri-

168 1142 236 1213 que
262 1129 391 1211 tamen,
426 1140 495 1189 non
520 1121 672 1190 contenti
699 1140 896 1213 occupasse
924 1116 1032 1213 ίὶνιοε,
1065 1118 1156 1215 ipsis
1184 1117 1335 1191 ductibus

168 1256 291 1305 manus
317 1233 519 1329 attuleruut,
547 1257 610 1329 per
635 1231 828 1305 fistularum
850 1234 1108 1306 rulrreratarurn
1129 1233 1243 1307 latera
1263 1259 1336 1331 pus·

167 1351 233 1421 sinr
268 1372 395 1421 cursus
428 1372 594 1445 aunuum
625 1349 659 1419 in
691 1371 793 1419 usum
825 1373 927 1422 suurn
954 1360 1177 1444 avertentes,
1213 1362 1282 1421 tarn
1306 1356 1334 1441 ii,

167 1467 224 1561 qui
250 1466 305 1537 ius
332 1489 498 1561 aquarum
525 1465 744 1561 impetratum
769 1464 912 1559 habent,
947 1489 1049 1559 quarn
1075 1467 1119 1559 ii,
1150 1467 1209 1562 qui
1236 1488 1335 1561 quun-

73 1663 364 1676 w

166 1755 341 1814 occasionis
367 1750 410 1811 od
431 1748 650 1833 eepuquondos
670 1769 750 1811 nuuc
772 1749 942 1812 coutuntur.
983 1748 1011 1811 U
1033 1750 1077 1813 V:
1102 1762 1271 1833 persuetus
1288 1771 1334 1811 so-

164 1853 258 1911 totnm
285 1853 401 1931 possim
430 1869 539 1911 cursus
566 1854 614 1911 ius
641 1869 785 1932 uquarum
806 1853 993 1931 impetratum
1013 1850 1141 1925 iubent,
1172 1850 1333 1934 orontii:

162 1956 287 2033 aquarn)
320 1952 343 2011 ii
365 1952 416 2031 qui
437 1950 731 2032 quantulumcumque
753 1949 887 2029 beneficii
909 1954 1084 2013 occasionis
1117 1947 1177 2031 (Ut
1200 1952 1333 2011 occasio-

161 2045 232 2129 nes)
262 2047 306 2109 orl
331 2048 553 2130 eopuquondos
579 2067 659 2109 nuuc
680 2046 850 2109 abutuntur.
892 2045 975 2111 Edi:
1001 2068 1064 2130 ρονΙ
1080 2053 1209 2111 seruitus
1229 2050 1333 2111 suurn

159 2151 276 2230 possim
297 2157 327 2209 et
341 2169 447 2208 rursus
468 2150 515 2209 ius
532 2167 676 2229 uquarum
692 2150 879 2228 impetratum
894 2148 1021 2223 initient,
1041 2153 1165 2232 uquorii
1182 2149 1332 2231 quantulo-

162 2266 285 2329 cumque
314 2246 446 2326 beneficii
472 2250 636 2308 occasione
661 2246 705 2307 od
732 2247 950 2327 eepuqnnndos
976 2266 1055 2308 nuuc
1075 2248 1252 2311 abutuntur.
1290 2246 1331 2307 lu

161 2345 288 2425 thocus,
313 2347 343 2406 iu
365 2346 474 2406 ceteris
496 2347 566 2406 edd.
588 2364 735 2426 sequeno,
762 2345 920 2421 legendum
944 2365 1013 2406 csse
1036 2346 1211 2408 existimat:
1240 2363 1332 2406 rursus

161 2448 190 2505 st
216 2448 264 2505 ius
286 2448 344 2506 etc.
388 2443 454 2508 Pol.
478 2445 586 2505 edidit:
615 2464 721 2506 munus
741 2445 873 2505 attulere
891 2462 948 2523 per
969 2487 1113 2505 ......
1144 2446 1247 2506 lutera
1264 2464 1331 2525 pos-

159 2547 230 2618 sim,
252 2553 313 2604 tom
334 2547 357 2605 ἰν·
378 2548 428 2625 qui
447 2548 497 2605 ius
518 2563 568 2625 oq.
591 2548 650 2603 etc.
694 2542 821 2607 Corrad.
845 2542 939 2620 legit:
964 2562 1021 2623 per
1041 2548 1139 2606 uetita
1160 2544 1228 2615 (voi
1250 2562 1331 2605 eron-

159 2646 245 2709 suto]
275 2646 344 2704 nusi
371 2644 471 2703 Incero
496 2646 613 2726 possim
635 2662 758 2719 cursus,
789 2647 839 2724 qui
860 2647 908 2704 ius
930 2663 980 2724 ou.
1003 2646 1061 2704 otc.
1104 2642 1186 2707 Sch:
1216 2652 1261 2720 et,
1285 2662 1332 2731 per

153 2742 259 2804 'soluo
287 2742 387 2803 lutera
412 2746 504 2821 possi
530 2745 688 2819 incursus,
725 2742 777 2802 uti
805 2747 854 2802 ius
880 2762 931 2823 ou.
961 2747 1032 2824 iurp.
1060 2741 1188 2819 hubent,
1221 2742 1332 2823 nourrii

159 2851 258 2922 ouant.
297 2839 362 2901 ben.
391 2859 438 2904 oc.
476 2840 519 2901 od
546 2841 764 2921 erpuqnnndos
789 2859 921 2902 nummos
948 2841 1117 2903 abutuntur.
1156 2862 1188 2901 r.
1216 2840 1331 2901 Annott.

159 2939 316 3027 Quomodo
337 2938 442 3003 lieinr.
464 2939 564 3017 legat,
588 2940 665 3000 intro
687 2940 790 3001 dicuni.

196 3059 254 3121 per
269 3071 310 3081 -
326 3038 425 3099 latero
447 3041 522 3110 otc.)
544 3038 649 3115 Lego:
673 3037 740 3099 dum
758 3058 816 3121 ρον
836 3039 973 3122 suffosso
989 3038 1087 3101 lutera
1100 3044 1220 3123 possim
1235 3058 1333 3101 cursus

157 3137 360 3220 suspendunt,
384 3147 444 3199 tom
464 3141 488 3200 ii
509 3140 560 3221 uui
581 3142 639 3201 cto.
681 3138 845 3201 Forooerit
869 3138 898 3198 in
920 3157 985 3220 soq.
1007 3138 1096 3217 lego;
1118 3138 1168 3200 hic
1190 3141 1332 3224 suffosso.

158 3237 230 3300 vid.
253 3236 354 3299 chx.
377 3238 408 3298 ln
429 3257 460 3297 v.
503 3239 599 3300 Etiam
628 3256 669 3298 cx
690 3236 850 3298 Ponrlcctis
872 3237 1039 3318 cxcnrplunr
1062 3243 1111 3300 rs't
1132 3257 1181 3317 op.
1204 3239 1333 3300 Brisson.

158 3338 273 3399 Cursus
308 3339 442 3398 rivorum
478 3336 547 3399 Au
571 3339 619 3398 19.
663 3337 779 3398 Itinera
814 3338 1002 3420 suspendunt
1037 3339 1105 3400 Art.
1129 3341 1179 3399 15.
1223 3338 1334 3399 Lutero

159 3435 301 3498 ductuum
325 3435 487 3499 Aures.
530 3439 661 3498 rivorum
685 3436 754 3497 Art.
774 3439 842 3500 122.
888 3436 1015 3499 Violore
1037 3438 1160 3515 (luctus,
1191 3442 1224 3499 ut
1245 3436 1334 3513 vulgo

160 3533 431 3612 dicitur,Art.91.
475 3535 936 3598 ForutumuitioturArt.114.
978 3536 1117 3619 Denique
1140 3535 1335 3597 cruentationi

157 3631 245 3711 piune
268 3633 480 3695 confirmandos
503 3638 550 3696 cst
570 3634 656 3696 locus
677 3635 745 3697 Art.
756 3637 805 3698 15.
834 3635 971 3698 HEINR.

198 3736 411 3806 intentaretur)
442 3732 468 3795 C
486 3732 527 3796 U:
549 3738 722 3795 intentorer.

199 3839 271 3892 sunt
293 3831 403 3902 uerbo)
433 3832 531 3896 Codri.
559 3833 605 3897 ori,
633 3852 678 3913 pr.
708 3835 740 3895 ct
766 3832 806 3894 F:
836 3834 923 3925 Quae
943 3834 1115 3916 subscripsi
1134 3834 1231 3897 uerbo
1252 3834 1337 3915 leuis.

157 3948 242 4012 quam
263 3928 421 3991 lectioncnr
442 3933 563 3994 retinuit
583 3931 651 3995 Pol.
677 3934 747 4011 Ego
771 3935 899 4012 periisse
917 3935 1015 3995 iudico
1038 3945 1121 4008 sunt,
1144 3935 1241 4016 quod,
1264 3952 1339 3995 sxa-

158 4028 216 4090 ruri
245 4027 363 4090 solitum
392 4030 564 4109 conpendio
592 4033 637 4105 st,
671 4031 709 4091 ob
744 4035 857 4093 oxitunr
885 4038 913 4094 si
940 4035 1150 4112 praecedentis
1178 4034 1268 4095 uerbi
1296 4036 1341 4095 est

156 4126 406 4206 praetermissum.
449 4130 594 4191 Servatur
621 4131 652 4190 iu
679 4130 698 4190 J
726 4133 757 4191 ct
784 4151 845 4196 rec.
873 4130 1025 4195 lectione:
1060 4134 1146 4224 Quae
1171 4132 1342 4215 subscripsi

156 4227 236 4289 hoec
262 4235 334 4289 sunt
358 4225 454 4290 uerbo
480 4228 567 4308 leuis.
610 4229 657 4293 V:
689 4229 778 4321 Quod
803 4233 884 4309 subs.
928 4218 1000 4294 Scir.
1030 4237 1062 4295 ct
1086 4231 1209 4293 lleinr.:
1240 4232 1343 4324 Quare

155 4325 327 4410 subscripsi
346 4326 440 4390 uerbo
460 4325 549 4409 leuis.
