2888 4710
440 192 512 267 nn
538 192 728 287 ,soona
753 193 1033 275 nuormus.
1105 142 1108 147 ’
1296 184 1375 267 '123

89 426 258 522 quoniam
290 434 324 496 et
356 423 561 520 amplissimi
593 425 711 521 operis
742 436 825 497 sunt
855 435 891 499 et
914 424 1034 523 plures
1061 448 1170 522 aquas
1196 425 1272 497 sirr-

89 543 169 639 guli
195 541 389 613 sustinent:
419 562 508 635 quos
534 540 567 611 si
592 564 745 614 necesse
771 540 875 613 suerit
899 546 1169 639 interrumpere,
1196 566 1274 613 ma-

91 664 206 732 iorem
230 666 362 754 partem
390 678 555 750 aquarum
583 655 694 732 Urbis
720 655 919 730 destituent.
960 655 1134 728 Remedia
1159 666 1274 728 tamen

91 787 176 849 sunt
208 773 322 846 ethis
348 769 632 845 difficultatibus:
666 770 861 843 inchoatum
888 776 1059 844 excitatur
1084 770 1128 844 ad
1152 770 1274 844 libram

91 890 290 969 deficientis
317 888 426 978 airei;
453 888 485 959 is
510 909 597 958 vero
620 886 809 985 plumbatis
836 887 1015 960 canalibus
1041 911 1106 984 per
1124 888 1275 984 spatium

90 1011 274 1104 interrupti
301 1004 425 1077 ductus
453 1025 579 1074 rursus
606 1003 836 1075 continuatur.
869 1002 985 1076 Porro
1012 1003 1172 1098 quoniam
1199 1002 1274 1074 sere

92 1148 217 1202 omnes
243 1142 375 1219 specus
400 1142 464 1215 per
490 1122 703 1215 privatorum
731 1141 840 1214 agros
866 1117 988 1190 directi
1008 1128 1121 1213 erant,
1150 1128 1185 1190 et
1204 1117 1272 1188 dii-

92 1241 197 1317 ficiiis
222 1236 404 1310 ridebatur
430 1234 566 1306 suturae
591 1234 771 1330 impensae
797 1238 1034 1331 praeparatio,
1063 1235 1131 1305 nisi
1154 1245 1188 1304 et
1206 1231 1272 1304 ali·

91 1383 161 1456 qua
193 1355 280 1427 iuris
314 1350 561 1424 constitutione
595 1360 879 1443 succurreretur,
914 1349 1020 1431 simui
1050 1372 1095 1422 ne
1121 1371 1273 1422 accessu

34 1562 41 1569 .
92 1473 137 1549 ud
173 1466 393 1568 reficiendos
418 1466 523 1564 rivos
550 1462 791 1561 redemptores
825 1491 846 1538 a
879 1464 1153 1562 possessoribus
1186 1487 1271 1560 pro·

91 1590 309 1677 biberentur,
338 1581 381 1659 S.
408 1578 453 1656 G.
479 1580 608 1653 sactum
634 1591 708 1672 est,
736 1578 829 1676 quod
854 1580 999 1653 subieci.

165 1698 294 1795 Quod
344 1695 392 1793 Q.
429 1694 595 1770 Aelius
635 1695 837 1792 Tubero,
889 1695 1059 1768 Paulus
1097 1696 1269 1769 Fabius
1294 1691 1370 1766 125

85 1872 419 1911 W-

85 2001 212 2065 quorum
232 1978 317 2043 UV:
337 1983 588 2062 praeparationis
609 1980 743 2045 alicuius
763 1991 860 2042 const.
905 1980 949 2044 G:
969 1985 1220 2063 praeparationis
1241 1987 1271 2038 et

85 2084 222 2145 alicuius
243 2087 341 2141 coust.
384 2075 487 2157 Unde,
509 2080 670 2159 praecipue
693 2097 734 2140 ex
756 2078 799 2155 G,
822 2078 896 2142 Scir.
919 2080 1072 2142 restituit:
1098 2084 1158 2142 uisi
1178 2085 1270 2141 etiarn

85 2182 176 2263 [leg.
187 2190 269 2242 etex
280 2173 329 2258 Ο)
351 2178 458 2260 aiipua
474 2181 551 2239 iuris
567 2187 680 2253 consu,
697 2181 836 2240 vortam:
857 2197 946 2240 wsnn
958 2180 1022 2240 dem
1034 2178 1117 2243 nicht
1127 2178 1271 2258 nugioicb

84 2278 181 2341 durch
203 2279 271 2339 eine
293 2276 608 2353 Rechtsbestimmung
629 2274 814 2354 abgsboli'eu
836 2278 948 2340 wrirde.
993 2280 1085 2366 Quum
1110 2282 1268 2359 ¹egregium

83 2378 322 2441 emendationem
345 2377 498 2456 recipere,
520 2376 587 2459 quis
608 2370 777 2437 dubitabit?

125 2480 371 2548 succurreretur)
399 2472 485 2537 GU:
506 2486 710 2538 succurretur.

124 2577 215 2648 SC)
238 2575 287 2637 V:
307 2574 343 2638 S.
365 2575 441 2637 Cato
460 2574 577 2654 factum
597 2574 724 2636 subieri.
768 2576 811 2637 F:
833 2576 867 2639 S.
890 2578 983 2639 Cous.
1003 2578 1120 2657 sactum
1141 2580 1266 2641 subieci.

126 2674 285 2757 specibus)
315 2673 368 2735 Sic
390 2671 426 2737 C.
447 2672 516 2736 Art.
535 2677 593 2735 129
614 2670 640 2735 C
662 2679 693 2734 ct
714 2671 760 2736 U:
784 2674 937 2757 specibus.
980 2672 1081 2737 Ceteri
1103 2676 1170 2738 iibri
1191 2698 1266 2759 spe·
1301 2698 1348 2750 125

82 2774 193 2837 cubus.
235 2772 369 2855 Utroque
396 2772 466 2834 loco
494 2770 567 2834 Scb.
594 2771 672 2849 legit
699 2778 814 2856 specis.
857 2773 939 2835 idem
963 2775 1031 2837 Art.
1053 2779 1088 2836 lt
1111 2782 1141 2837 et
1163 2781 1266 2838 nostro

81 2875 156 2937 Art.
177 2876 266 2955 speci
292 2878 386 2945 (nom.
408 2870 502 2951 plur.)
530 2871 649 2949 scribit,
677 2876 708 2934 et
734 2872 802 2934 Art.
821 2877 881 2934 129
907 2893 1020 2954 specus
1042 2881 1073 2936 et
1092 2894 1263 2957 sperarum.

81 2972 170 3037 Libri
191 2990 296 3033 omnes
315 2970 425 3052 ubique
447 2975 620 3033 constanter
640 2978 762 3034 serrant
783 2975 885 3036 exitus
901 2977 1022 3054 quartae
1040 2973 1264 3049 declinationis,

80 3071 229 3154 specibus
254 3075 351 3133 autem
379 3070 525 3131 edendum
553 3072 656 3131 censui
684 3089 724 3132 ex
750 3074 840 3137 codd.
868 3074 1061 3151 auctoritate,
1092 3077 1124 3134 ut
1145 3074 1265 3136 lacibus

79 3172 152 3233 Art.
167 3174 205 3247 3,
227 3170 279 3233 ubi
300 3169 371 3230 vide
393 3187 469 3251 quae
490 3170 718 3249 disputavimus.

122 3274 147 3330 o·
167 3266 249 3348 rivi)
276 3267 351 3330 Vb*
372 3268 391 3328 J
414 3286 471 3328 onr.
494 3273 527 3330 ii.

115 3374 253 3449 sperus)
291 3369 320 3428 in
350 3366 436 3431 libris
462 3369 620 3445 omissum,
651 3389 690 3430 ex
716 3371 874 3449 pracccdd.
905 3391 968 3434 cum
1000 3370 1073 3435 Scb.
1101 3375 1132 3432 et
1158 3371 1262 3435 iicinr.

79 3484 301 3529 revocavimus.

120 3570 172 3637 se)
198 3564 229 3626 V
250 3565 273 3627 F
282 3580 291 3627 t
312 3570 350 3628 si.

120 3670 271 3745 inpensa)
301 3665 343 3729 C:
367 3670 501 3748 impensu
522 3687 543 3728 a
563 3669 726 3730 sollicitus.

119 3763 316 3844 rejicerentur
338 3771 413 3836 etc.)
439 3786 470 3829 r.
493 3769 618 3830 Aunutt.

118 3862 242 3944 quibus)
272 3861 315 3926 U:
338 3869 416 3946 puis.

118 3969 215 4042 opus)
244 3961 289 4023 V:
313 3974 440 4045 oportet.
555 4013 558 4019 .

117 4066 236 4131 eorum)
266 4067 315 4123 lta
336 4060 379 4139 0,
404 4083 462 4126 non
486 4084 606 4140 eorum,
629 4071 662 4127 ut
683 4069 782 4129 estin
804 4071 915 4131 ceteris
936 4070 1019 4132 libris
1039 4073 1203 4155 plerisque.

116 4164 179 4222 riri
200 4156 290 4238 boui]
322 4161 354 4223 in
376 4164 463 4226 codd.
486 4169 516 4225 ot
538 4166 604 4226 edd.
627 4171 695 4228 ante
716 4167 735 4228 J
758 4169 844 4230 deest
866 4168 946 4231 boui.
976 4190 1007 4230 r.
1024 4172 1151 4236 Amore

115 4259 162 4319 rrd
184 4279 239 4321 eas
258 4280 309 4323 rea
331 4266 406 4335 etc.)
436 4263 482 4324 V:
510 4265 554 4325 od
581 4285 636 4327 rus
664 4285 766 4327 omme
794 4279 983 4349 opportunas
1006 4290 1176 4351 saumque.
1219 4269 1260 4331 F:

71 4360 117 4419 ad
138 4378 195 4419 eas
216 4378 317 4423 oram
338 4383 388 4424 res
411 4374 601 4442 opportunus
623 4385 754 4447 earrsrap.
