2888 4710
561 197 886 278 rnanrnmo.
1235 175 1369 278 xxxi

73 431 255 525 assentiri,
283 456 394 531 eaque
421 455 513 531 quae
538 442 797 532 proponuntur,
833 433 1026 508 rationibus
1054 457 1074 508 e
1102 441 1261 509 veterum
1288 459 1369 509 mo-

72 568 255 640 numentis
282 567 436 665 receptis
462 592 549 640 vera
575 565 731 639 iudicare
757 590 825 639 non
852 568 1042 665 potuimus.
1092 566 1371 641 Emendationes

72 723 244 797 magnam
268 708 403 799 partem
429 723 500 773 non
526 698 642 773 solnm
668 708 750 771 sunt
775 699 995 796 ingeniosae,
1025 698 1216 773 sedetiam
1243 724 1371 793 rerae3

73 832 203 930 partim
230 841 312 906 sunt
337 831 519 906 dumtaxat
542 828 795 906 incredibiliter
820 831 1029 928 ingeniosae
1057 844 1092 905 et
1116 855 1284 928 sagaces,
1304 830 1372 904 sed

72 950 229 1038 veritate
267 962 465 1038 destitutae.
525 962 717 1038 Permultis
759 962 1061 1037 emendationibus
1101 987 1253 1062 prorsus
1291 963 1372 1036 nibil

73 1096 180 1195 pretii
205 1096 426 1171 tribuendum
452 1106 531 1192 est,
571 1105 609 1170 ut
641 1095 813 1193 prosectis
840 1097 963 1192 partim
991 1096 1033 1170 ab
1060 1097 1152 1169 inani
1177 1096 1372 1169 litterarum

73 1237 353 1325 permutatamm
386 1227 469 1302 ludo
503 1229 726 1326 propriisque
763 1226 970 1324 quibusdam
998 1225 1202 1301 artificiosis
1230 1230 1371 1301 critices

76 1359 303 1435 exercendae
329 1361 551 1459 ambagibus,
579 1361 704 1458 partim
730 1359 775 1432 ad
799 1360 927 1433 latinae
953 1359 1095 1457 linguae
1130 1371 1164 1432 et
1190 1384 1372 1457 gramma-

79 1494 160 1566 ices
189 1493 414 1567 inscientiam
439 1492 663 1567 reducendis,
715 1493 811 1565 llieri
837 1518 906 1566 non
932 1503 1070 1589 potest,
1113 1493 1194 1588 quin
1229 1516 1371 1566 errores

74 1627 187 1698 irruat
213 1622 445 1721 Schultzius,
480 1635 667 1724 propterea
693 1623 797 1721 quod,
838 1626 1035 1721 praemissa
1063 1625 1113 1697 rei
1161 1625 1372 1734 cognitione7

76 1757 158 1830 sive
184 1780 231 1830 ex
256 1745 419 1830 veterum
444 1759 676 1831 monumentis
716 1757 794 1830 sive
830 1780 877 1830 ex
905 1757 1097 1853 disciplina,
1126 1756 1205 1829 sive
1232 1781 1280 1830 ex
1305 1780 1372 1829 suo

75 1891 223 1986 ingenio
248 1901 357 1986 parta,
387 1891 550 1985 innitens,
580 1888 786 1962 emendandi
814 1889 990 1986 cupiditati
1019 1889 1216 1979 satisfacit3
1254 1912 1374 1984 quuma

75 2017 212 2117 credo,
251 2023 303 2095 rei
329 2023 483 2118 cognitio
511 2045 641 2095 causas
669 2022 835 2118 criticas,
883 2048 928 2095 ex
959 2022 1057 2093 libris
1083 2045 1170 2093 mss
1199 2020 1372 2116 editisque

77 2153 249 2250 religiose
274 2153 511 2251 legitimeque,
541 2153 656 2252 quoad
683 2155 760 2227 eius
787 2153 863 2227 lieri
890 2165 1021 2251 potest,
1053 2154 1272 2246 constitutaS,
1309 2178 1372 2226 se-

77 2296 225 2381 quatur:
264 2307 334 2382 quo
367 2295 483 2359 tamen
520 2287 553 2360 in
580 2310 714 2384 genere
739 2286 829 2361 ultro
861 2286 1087 2383 intelligitur,
1128 2286 1203 2359 lere
1229 2284 1373 2358 alteram

79 2417 252 2490 rationem
278 2416 371 2491 baud
397 2416 549 2493 delicere
576 2418 720 2492 alteram
746 2443 869 2516 posse.
919 2416 1093 2518 Systema
1120 2418 1205 2492 artis
1232 2418 1374 2491 criticae

77 2558 101 2622 a
127 2546 313 2626 Scbultzio
338 2553 557 2649 propositum
582 2553 802 2624 recensitum
829 2551 1022 2648 singularis
1048 2550 1190 2624 libellus
1210 2546 1372 2627 scriben-

79 2681 149 2754 dus
178 2692 287 2777 esset,
316 2706 423 2778 quum
449 2708 491 2756 ea
519 2707 579 2757 res
606 2685 729 2780 paucis
758 2682 895 2756 absolvi
923 2693 1083 2779 nequeat.
1112 2678 1209 2773 Quid
1234 2706 1303 2780 ego
1331 2681 1374 2754 de

82 2840 126 2886 eo
154 2813 316 2911 iudicem,
344 2817 379 2887 in
404 2840 444 2889 rc
469 2816 648 2913 praesenti
675 2840 717 2887 se
742 2815 989 2912 manifestabit,
1032 2838 1137 2912 quum
1164 2838 1273 2888 causa
1301 2815 1373 2885 cri-

81 2948 151 3019 tica
180 2957 319 3043 agetur
359 2944 518 3022 Glossas
545 2959 660 3022 autem
688 2947 1056 3045 interpolationesque,
1085 2971 1230 3044 quarum
1249 2970 1378 3041 magna

82 3078 324 3174 exemplorum
349 3081 441 3153 nube
466 3082 625 3155 Frontini
651 3081 776 3153 librum
804 3081 928 3178 paucis
963 3080 1056 3154 foliis
1084 3079 1243 3177 exceptis
1277 3101 1377 3149 com·

81 3209 297 3283 maculatum
325 3201 356 3284 'a
390 3212 513 3297 sciolis
552 3213 803 3310 interpretibus
839 3236 924 3286 esse
960 3194 1169 3289 Schultnius
1195 3220 1378 3306 tantopere

80 3346 252 3439 queritur,
281 3342 373 3439 quod
399 3345 532 3442 attinet,
562 3347 593 3418 si
620 3346 733 3418 semel
759 3343 908 3441 delendi,
937 3342 1105 3441 quidquid
1118 3342 1292 3417 Romanis
1306 3350 1379 3413 tum

81 3474 264 3572 cognitum
290 3498 436 3573 arguas,
464 3476 626 3574 cupidine
654 3477 765 3550 fueris
794 3477 975 3574 abreptus,
1003 3476 1119 3548 nullus
1140 3473 1280 3549 delendi
1299 3498 1379 3547 mo-

82 3607 150 3680 dus
179 3608 263 3700 erit3
303 3609 335 3681 si
362 3609 453 3681 enim
479 3633 583 3681 unum
613 3619 650 3684 et
679 3610 824 3688 alterum
853 3608 1080 3682 concesseris
1106 3608 1280 3682 Romanis
1307 3617 1379 3679 tum

80 3740 263 3838 cognitum
289 3739 423 3837 luisse,
462 3743 577 3815 omnia
613 3741 696 3814 illuc
721 3741 929 3838 pertinentia
955 3751 993 3813 ut
1020 3738 1198 3837 superflua
1226 3738 1381 3812 damnari

81 3881 238 3969 oportet,
274 3873 364 3946 alius
399 3873 465 3946 alia
496 3896 560 3969 pro
595 3896 662 3946 suo
689 3873 840 3968 quisque
867 3881 972 3969 captu
1000 3872 1183 3966 delebunt,
1227 3880 1261 3944 et
1286 3870 1380 3943 liber

80 4005 188 4078 tertia
214 4015 314 4101 parte
341 4003 469 4079 evadet
492 4005 642 4078 tenuior.
696 4001 909 4100 Quanquam
936 4004 1029 4078 baud
1055 4005 1180 4102 paucis
1207 4027 1381 4101 superse-

80 4134 167 4209 dere
218 4160 431 4234 possemus:
484 4109 554 4211 sed
599 4149 716 4209 tamen
768 4137 881 4235 ipsius
927 4138 1091 4211 Frontini
1144 4145 1215 4209 tam
1267 4134 1382 4207 rebe-

80 4290 183 4342 mens
242 4293 309 4341 sua
367 4270 479 4344 verba
543 4269 793 4367 interpretandi
850 4293 1009 4364 suasque
1070 4292 1129 4341 res
1188 4263 1383 4339 illustrandi

80 4400 237 4476 studium
288 4401 599 4500 deprehendimuS,
654 4414 694 4478 ut
746 4403 783 4477 ln
821 4401 987 4478 dublum
1021 4399 1121 4474 illud
1164 4417 1311 4468 uocare
1341 4395 1413 4457 ‘nx‘-
