2888 4710
422 142 494 217 DE
520 139 712 234 Aoonu
737 137 1020 220 DUOTIBUS.
1319 131 1368 206 67

80 380 189 473 nitur,
225 379 395 474 quinariis
419 375 624 454 MDerlI.
675 376 834 473 Ideoque
860 399 939 449 oum
966 375 1105 448 sincera
1133 378 1167 446 in
1193 372 1269 449 Ur·

79 495 164 569 bem
196 495 339 593 proprio
374 495 450 567 rivo
487 495 707 592 perveniret,
743 494 777 565 in
810 493 910 571 Urbe
943 491 1158 565 miscebatur
1190 514 1270 563 cunr

78 611 225 686 Anione
250 611 379 704 Novo,
413 622 468 706 ut,
497 611 704 685 confusione
731 609 842 702 iacta,
878 618 914 682 et
939 609 1122 707 conceptio
1150 632 1270 682 earum

80 736 118 800 et
151 733 312 826 erogatio
348 737 447 801 esset
473 726 669 800 obscurior.
722 722 829 817 Quod
860 725 975 821 siqui
1001 748 1059 797 me
1085 725 1173 798 sorte
1205 748 1269 795 ac-

81 844 309 940 quisitionum
348 851 526 917 mensuris
567 841 718 917 blandiri
751 850 897 940 putant,
933 839 1140 915 admonendi
1175 853 1267 934 sunt,

81 957 174 1034 adeo
201 961 358 1034 Curtium
392 969 427 1034 et
453 958 647 1037 Caerulum
674 960 789 1032 sontes
824 981 936 1054 aquae
963 954 1138 1034 Claudiae
1164 956 1268 1030 suifi-

82 1100 167 1150 cere
202 1075 259 1187 ιιι-
270 1077 503 1174 praestandas
530 1077 649 1152 ductui
675 1101 742 1150 suo
777 1074 973 1171 quinarias,
1011 1097 1100 1171 quas
1127 1071 1268 1170 signifi-

82 1193 181 1290 cavi,
210 1192 451 1292 luliovll,
491 1207 530 1268 ut
553 1203 738 1292 praeterea
762 1189 878 1282 MDC
905 1190 1132 1266 effundantur.
1188 1190 1270 1263 Nec

83 1333 128 1383 eo
154 1308 302 1403 inficiae,
332 1311 413 1408 quin
447 1337 508 1409 ea,
544 1333 634 1406 quae
661 1307 895 1408 superfluunt,
938 1332 1008 1381 non
1034 1309 1104 1382 sint
1128 1307 1270 1406 proprie

80 1425 207 1499 horum
240 1426 405 1501 sontium:
448 1430 630 1527 capiuntur
664 1427 752 1500 enim
780 1449 826 1498 ex
859 1425 1048 1524 Augusta,
1077 1447 1181 1521 quam
1213 1422 1269 1494 in-

81 1551 223 1615 ventam
248 1543 283 1614 in
309 1543 468 1617 Marciae
495 1545 793 1642 supplementum,
827 1540 909 1615 dum
940 1541 998 1615 illa
1030 1567 1100 1616 non
1125 1538 1269 1636 indiget,

82 1657 276 1732 adiecimus
312 1658 466 1733 sontibus
493 1659 686 1755 Claudiae⁷
723 1659 883 1757 quamvis
917 1682 962 1733 ne
995 1657 1100 1733 huius
1132 1656 1272 1755 quidem

83 1774 212 1848 ductus
240 1798 377 1849 ornnem
403 1801 530 1874 aquarn
555 1777 710 1873 recipiat.

183 1890 281 1964 Anio
307 1891 439 1965 Novus
466 1895 500 1968 in
526 1894 785 1966 commentariis
811 1891 942 1968 habere
968 1893 1164 1996 ponebatur
1189 1893 1270 1989 qui·
1294 1886 1346 1965 73

80 2009 201 2082 uarias
227 1991 515 2085 fflochxlll.
566 2010 720 2084 Mensus
746 2009 791 2083 ad
817 2022 923 2109 caput
948 2010 1063 2107 reperi
1095 2013 1272 2108 quinarias

80 2402 223 2465 aeduine
234 2402 318 2486 puid.
332 2406 409 2476 cto.)
431 2404 461 2465 V
472 2405 513 2466 F:
535 2403 659 2467 neiucc
677 2407 917 2490 puidcmomnem
932 2426 1041 2491 apuam
1063 2408 1174 2473 ductes
1188 2415 1274 2472 reci-

77 2504 155 2586 piat
172 2522 341 2564 mensurum
363 2503 407 2564 ud
427 2514 522 2585 capot
541 2510 666 2586 repperi
695 2510 852 2589 quinarias
862 2507 939 2570 1111.
961 2507 1063 2571 Verba
1074 2529 1115 2571 cx
1126 2529 1193 2593 seq.
1204 2510 1273 2572 Art.

81 2602 245 2666 rmnslataz
269 2605 299 2663 in
322 2604 430 2685 quihus
451 2605 541 2682 haec,
564 2604 632 2668 scii.
645 2604 781 2684 Claudia,
801 2625 904 2668 verani
927 2610 1024 2670 tamen
1047 2610 1273 2688 interpretatio-

81 2719 152 2764 uem
175 2703 320 2763 continet.

125 2798 246 2882 reperi)
270 2800 352 2862 Libri
374 2808 509 2885 repperi.
1311 2825 1348 2876 7³.

126 2899 302 2984 conceptis]
326 2903 412 2964 Edd:
442 2904 640 2987 conceptelie.
684 2904 765 2968 Scir:
787 2909 818 2966 in
839 2908 1027 2989 concepistis
1049 2928 1124 2970 com.
1145 2913 1276 2991 positum

81 3011 142 3064 eet.
186 3001 234 3062 De
256 3007 381 3085 utraque
401 3020 435 3066 re
457 3023 547 3084 supra
563 3005 702 3067 diximus.

128 3120 186 3184 poc
210 3101 274 3162 ulio
296 3101 406 3182 inodo)
451 3104 498 3165 V:
521 3124 577 3187 poc
600 3125 675 3167 vcro
703 3105 805 3167 modo.
849 3107 869 3168 J
890 3110 922 3169 et
942 3123 1011 3171 roc:
1038 3126 1097 3192 pue
1117 3128 1178 3170 non
1199 3110 1275 3172 alio.

83 3199 109 3262 F
132 3201 176 3262 P:
200 3220 328 3283 puoumn
349 3201 425 3264 alio.

79 3316 84 3325 ”
126 3303 160 3362 in
181 3297 376 3381 crepationc]
412 3301 454 3366 C:
478 3307 692 3385 crepationem.
735 3304 779 3371 U:
802 3326 891 3389 quom
911 3312 943 3371 in
964 3311 1179 3389 crepationem.
1227 3308 1275 3372 V:

76 3402 177 3482 ηιιαει·
197 3404 414 3481 crepationem.
446 3401 487 3464 F:
511 3423 599 3486 poam
619 3409 833 3486 crepationcm.
860 3407 1005 3469 Nimirum
1025 3409 1056 3469 iu
1079 3405 1105 3470 G
1127 3426 1275 3490 persaepe

75 3496 197 3561 'litteris
219 3498 357 3561 finalibus
378 3500 493 3563 lineola
515 3505 667 3567 incuriose
696 3509 729 3567 et
756 3508 868 3568 tenere
890 3507 1111 3588 superducitur.
1155 3507 1182 3570 0
1204 3511 1224 3572 J
1244 3514 1276 3573 et

82 3615 155 3663 ree}
179 3618 267 3682 poam
288 3605 477 3679 crepationc.

126 3698 306 3779 Eropontur
327 3703 419 3772 enim]
452 3700 629 3766 Emendatio
652 3707 702 3766 est
721 3703 840 3766 Poieui.
883 3703 976 3771 011:
995 3705 1171 3789 Nepantur.
1203 3711 1277 3776 Jct

81 3810 156 3860 rec:
178 3797 333 3878 Nepator.
376 3800 424 3864 V:
447 3806 602 3867 continere
623 3812 762 3884 necatur.
797 3803 887 3866 FO:
911 3809 1130 3887 cona‘nebutor,
1159 3811 1280 3874 omisso

80 3917 171 3961 cmm.

125 3982 258 4074 WB&
281 4000 450 4083 comolip.]
474 3998 555 4062 CU:
579 4002 731 4082 puodcoor
750 4003 836 4066 milia
853 4005 1002 4070 ducentae
1022 4009 1168 4073 undecim.
1189 4011 1273 4074 olio-

80 4101 155 4182 pein
177 4102 236 4162 etc.
279 4099 310 4160 V
331 4100 354 4161 F
377 4098 423 4162 0:
452 4098 505 4163 IV
521 4100 619 4161 millia
649 4101 756 4164 coxi.
778 4107 809 4166 in
830 4106 944 4170 eisdem
974 4126 1078 4170 comm.
1108 4113 1170 4172 ino.
1215 4105 1277 4189 (Ἐς

81 4201 261 4272 invenitor).
305 4199 378 4261 oet
401 4215 470 4262 rec:
498 4201 551 4263 IV
567 4201 663 4263 millia
686 4201 795 4267 ccxi.
826 4206 1143 4290 alioquin-invenitur.
1186 4206 1271 4270 Unde

80 4297 151 4362 Pol.
175 4299 285 4361 edidit:
310 4297 360 4362 IV
376 4300 475 4364 miliia
498 4301 616 4378 CCXL·
639 4322 704 4364 cum
725 4304 872 4389 alioquin.
895 4326 927 4367 v.
950 4307 1060 4454 Λιιοόῐξἕ
