2888 4710
558 182 882 262 Pnnunnnlo.
1137 191 1140 196 ’
1206 182 1366 260 XXXV

75 419 230 516 perioris
264 418 389 492 aetaiis
429 417 657 515 scriptorem:
699 427 735 490 et
772 419 806 492 in
832 417 943 515 primo
976 440 1056 491 meo
1092 413 1265 490 eiusmodi
1297 438 1364 489 co·

75 561 163 624 natu
194 550 445 648 indulgentiam
477 547 631 623 iudicum
661 550 800 623 invoco.
850 551 1025 624 Dicamne
1051 546 1095 622 de
1120 548 1210 623 meis
1236 569 1365 621 recen-

73 681 182 755 sendi
220 693 256 757 et
292 680 483 756 illustrandi
520 682 684 756 meritis?
734 681 897 755 Aliorum
929 679 965 754 id
990 679 1155 754 iudicium
1180 688 1269 753 esto.
1319 676 1368 757 Si

73 820 138 912 qui
165 826 281 889 autem
307 813 496 888 diiudicare
521 814 651 910 volent,
680 814 858 888 erroribus
885 813 1025 889 obviarn
1050 813 1145 909 lacti,
1171 816 1368 909 temperent

72 971 205 1045 precor
229 946 390 1045 vituperii
417 946 609 1043 acerbitati,
642 944 882 1042 recordantes,
910 970 977 1041 me,
1004 944 1153 1020 idoneae
1176 941 1366 1019 bibliothe-

72 1104 141 1153 cae
180 1079 377 1154 adiumento
415 1078 617 1153 destitutum
650 1079 870 1176 omniumque
901 1102 1016 1151 rerum
1042 1079 1187 1176 penuria
1211 1080 1367 1150 circum-

72 1220 230 1307 ventum,
258 1217 294 1286 in
314 1211 500 1286 solitudine
521 1236 633 1311 paene
650 1210 858 1286 intolerabili
883 1234 973 1309 opus
999 1208 1235 1283 difficillimum
1258 1230 1367 1306 pere-

73 1347 203 1439 gisse3
241 1354 280 1417 ut
304 1345 408 1442 aequi
432 1343 553 1420 iudicii
577 1344 719 1419 lenitate
744 1344 873 1443 erigar,
901 1365 970 1417 non
996 1343 1139 1442 frangar
1165 1342 1368 1418 acerbitate.

176 1672 327 1750 Summa
352 1684 522 1772 notarum,
556 1675 682 1773 quibus
706 1674 892 1750 brevitatis
919 1698 1029 1749 causa
1054 1699 1144 1749 usus
1169 1697 1267 1748 sum:

411 1848 453 1878 =
528 1806 643 1882 codex
669 1804 915 1884 cassinensis,

577 1980 599 1997 ·
662 1941 828 2018 Urbinas.

578 2112 600 2129 ·
663 2072 873 2146 Vaticanus.

580 2244 601 2261 -
651 2204 851 2279 Parisinus

544 2335 649 2412 editio
674 2337 1052 2414 Veneta-Florentina.

579 2510 600 2526 -
664 2469 811 2544 Juntina
836 2470 1113 2545 seu-Jocundi.

576 2640 597 2657 -
655 2600 853 2700 Opsopoei.

275 2731 329 2807 ed.
344 2758 396 2830 pr.
409 2773 451 2803 =
571 2771 593 2790 ·
655 2735 820 2832 princeps
846 2735 982 2809 Poleni.

275 2890 347 2939 rec.
409 2908 451 2937 =
575 2907 596 2922 -
660 2868 835 2942 recentior
859 2865 1025 2964 (ores).

274 2997 354 3072 l’ol.
404 3037 446 3066 =
533 2997 705 3072 Polenus.

275 3127 364 3206 Scir.
403 3167 444 3196 =
535 3128 753 3207 Schultniusz

273 3261 447 3336 Heinr.=
521 3262 759 3339 Heinricbius

175 3392 295 3470 Scrib.
319 3394 510 3473 Embricae
534 3420 658 3473 meuse
683 3396 832 3474 Octobr.
856 3393 1236 3480 MDCOCXXXIX.

413 1981 453 1991 .-

412 2000 453 2010 ι-ιι

414 2113 455 2123 ι·-

414 2132 455 2143 ιι-

415 2242 453 2252 .-

412 2261 453 2275 ,-

415 2376 456 2387 -ι

415 2395 457 2406 .-

410 2491 462 2518 -1

411 2527 451 2537 ιι-

412 2643 452 2653 -ι

412 2662 452 2672 -ι
