2888 4710
419 199 493 275 na
517 138 708 293 nonan
738 130 1019 278 aceruus,

60 433 202 508 duetus
232 456 400 531 aquarum
432 433 598 509 sullicere
630 431 849 529 viderentur,
889 432 998 507 altero
1029 431 1164 529 imperii
1197 433 1254 506 sui

64 575 184 645 anno,
222 550 274 624 M.
298 549 445 647 Aquilio
471 550 625 644 Iuliano,
664 549 708 624 P.
740 549 860 623 Nonio
885 547 1089 645 Asprenate
1119 546 1252 645 Coss,

65 690 162 740 anno
189 666 300 743 Urbis
327 664 485 741 conditae
508 663 835 761 DCCLXXXIX,
861 664 952 738 dnos
978 662 1104 738 duodus
1129 662 1253 737 irrclro-

66 783 160 857 avit:
195 780 289 878 quod
313 806 403 881 opus
430 781 603 859 Claudius
628 779 973 879 magnificentissime
998 780 1253 853 consummavit

65 896 334 993 dedicavitque,
370 896 473 973 Sulla
504 907 539 972 et
563 897 702 971 'litiano
728 893 858 993 (loss,
898 920 987 970 anno
1013 904 1095 992 post
1118 895 1255 973 Urbem

62 1012 246 1088 conditam
273 1011 479 1091 Dccclll
503 1012 679 1088 Kalendis
709 1011 904 1111 Augustis.
953 1010 1072 1085 Alteri
1105 1034 1251 1108 nonen,

67 1152 162 1226 quae
187 1153 233 1202 ex
258 1129 410 1203 lontibus
425 1128 581 1207 Caerulo
595 1138 630 1203 et
645 1126 781 1225 Curtio,
796 1127 1063 1228 perducebatur,
1079 1123 1251 1204 Claudiae

65 1244 198 1319 datum.
236 1244 338 1320 llaec
358 1245 510 1321 bonitate
531 1245 690 1345 proxima
715 1255 772 1319 est
790 1244 959 1318 Marciae.
996 1241 1136 1338 Altera,
1159 1265 1252 1339 quo·

65 1363 161 1435 niam
186 1359 276 1436 duae
299 1360 454 1437 Anionis
479 1364 514 1435 in
540 1362 674 1439 Urbem
699 1384 812 1458 aquae
836 1358 945 1434 tluere
971 1368 1178 1456 coeperant,
1212 1368 1252 1431 ut

71 1476 212 1551 facilius
240 1478 820 1576 appellationibusdinoscerentur,
854 1476 952 1554 Anio
984 1476 1116 1551 Novus
1142 1474 1245 1548 voci-

64 1797 227 1860 verborum
249 1796 337 1859 etiam
359 1795 523 1860 collocatio
546 1796 665 1858 omnino
688 1796 737 1858 est
752 1780 969 1875 ¹vituperanda}
997 1795 1087 1878 atque
1111 1793 1143 1855 in
1164 1790 1196 1854 V
1218 1792 1251 1853 et

65 1898 90 1960 l*
112 1898 202 1959 deest
220 1916 336 1959 nemea.
357 1929 400 1940 -
419 1896 468 1959 lle
492 1894 622 1960 Caerulo
650 1894 734 1957 tonte
754 1913 786 1957 v.
808 1894 846 1955 ad
866 1883 937 1956 Art
962 1897 1010 1957 14.

108 1996 259 2070 laetate)
282 1995 336 2060 Sic
350 1995 382 2058 V
403 1999 435 2058 et
455 1996 537 2075 edd,
559 1995 630 2057 itern
656 1982 729 2056 sih.
759 1988 802 2058 ‘G
822 1986 867 2055 U:
895 1992 1049 2056 bonitatis.
1080 1992 1161 2074 quod
1184 2007 1249 2051 curn

63 2094 134 2157 Pol.
162 2095 314 2157 retinuere
340 2096 543 2175 posteriores3
576 2093 681 2155 eontra
714 2092 859 2176 loquendi
884 2093 1150 2168 consuetudinem,
1183 2088 1244 2150 nisi

63 2194 141 2277 qnid
159 2192 211 2255 hic
233 2194 372 2255 omissum
395 2210 466 2255 esse
487 2194 612 2255 statuas.
654 2189 727 2273 Seq.
748 2198 800 2254 eat
817 2191 905 2254 abest
925 2210 944 2252 a
965 2189 992 2255 0
1013 2192 1045 2254 et
1064 2187 1103 2253 U.
1139 2187 1245 2250 Heinr.

61 2292 159 2354 rerba
178 2290 257 2358 laec
274 2323 318 2336 μ-
336 2291 487 2356 Marciae
507 2291 593 2354 uncis
614 2291 747 2365 inclusit.

105 2390 190 2454 anae
207 2389 356 2468 Aeonis)
377 2390 423 2454 lta
444 2390 470 2456 G
492 2394 524 2453 et
544 2388 584 2470 U,
605 2388 840 2452 assentientibus
864 2388 937 2454 Scir.
958 2391 990 2452 et
1009 2389 1115 2453 Heiur.
1137 2388 1187 2454 Gt.
1208 2389 1247 2451 ad

65 2490 138 2554 Art.
161 2494 200 2552 io
222 2491 287 2555 init.
328 2488 397 2553 Pol.
419 2490 531 2554 edidit:
552 2491 699 2554 Auiones.
740 2487 815 2551 Alio
843 2489 964 2568 ordine,
990 2491 1128 2567 genitivo
1151 2491 1248 2550 tamen

61 2594 198 2653 retento.
230 2588 261 2651 V
282 2590 314 2652 et
335 2590 412 2651 edd:
438 2588 521 2652 duae
540 2588 669 2650 Anienis
691 2584 755 2668 [Vt
775 2589 927 2665 Auiones)
954 2608 1055 2672 opace
1074 2591 1108 2650 ic
1130 2587 1248 2650 ortem.

102 2685 254 2770 vocitari]
277 2687 331 2752 Sic
353 2686 380 2752 G
392 2687 430 2767 U,
452 2705 512 2750 non
532 2691 651 2767 vocae,
673 2703 714 2749 ex
735 2687 847 2749 ceteris
866 2685 953 2749 libris
975 2686 1247 2765 aPol.receptunr.

60 2787 207 2865 Pergitar
227 2789 258 2850 in
281 2786 323 2852 0:
345 2791 450 2872 eoepit
467 2785 535 2848 alia
562 2790 631 2848 onis
654 2783 773 2868 prodit.
800 2789 901 2869 priori
924 2787 1008 2863 ΑΜ
1038 2787 1072 2847 in
1100 2783 1148 2848 Ut
1179 2785 1248 2848 alia

58 2900 167 2950 amaea
183 2886 357 2970 praeeedit.
397 2886 428 2949 V
448 2886 489 2949 Vt
510 2885 594 2948 aliar
615 2904 715 2948 omme
733 2883 905 2967 praeeedit.
951 2884 1046 2946 Porro
1075 2888 1245 2963 repromisi

58 2993 142 3060 (non
165 2993 371 3066 popponem,
394 2987 428 3047 ut
447 2985 542 3046 refert
562 2980 647 3064 Pol.)
670 2982 784 3046 liabent
806 2981 832 3047 (l
854 2982 898 3050 U:
920 2985 952 3046 et
973 2993 1205 3063 copaomeatom,
1229 3003 1248 3044 a

59 3085 130 3148 l'ol.
152 3086 277 3162 editorn,
299 3086 359 3147 nisi
381 3087 412 3146 in
434 3083 461 3147 0
483 3083 507 3145 V
529 3101 590 3144 non
611 3083 755 3148 invenio:
781 3086 813 3146 at
831 3083 902 3146 VJ
929 3085 961 3146 et
984 3098 1047 3147 reo.
1074 3101 1246 3163 eopnomea.

66 3184 179 3261 Veteri,
201 3184 282 3265 quod
302 3184 370 3246 Pol.
392 3184 520 3263 recepit,
543 3181 702 3244 nonnisil
726 3178 771 3264 (si
793 3183 868 3244 fides
890 3185 955 3256 est)
977 3180 1115 3262 praebet,
1138 3182 1244 3241 cumin

58 3285 177 3345 ceteris
197 3279 285 3343 libris
309 3281 438 3347 Veteris.
479 3282 619 3364 Denique
642 3280 684 3345 0:
705 3292 736 3344 et
756 3281 837 3365 quod
858 3282 942 3344 aliae
963 3300 1063 3343 onmes
1081 3298 1190 3362 praee.
1227 3279 1247 3342 J

58 3386 93 3445 et
113 3394 183 3444 rec:
216 3389 248 3443 et
272 3381 355 3464 prod
381 3382 456 3444 illae
483 3401 584 3444 omncs
601 3389 822 3463 praecesserat
844 3386 934 3465 prior
963 3382 1056 3458 Anio,
1086 3398 1247 3459 eopnomco

59 3486 90 3545 ei
114 3484 231 3543 ceteris
255 3489 306 3543 eat
329 3480 492 3546 adiectam.
520 3499 561 3542 cx
589 3481 856 3561 interpretatione,
887 3481 933 3542 sio
964 3477 1182 3555 intelligenda:
1215 3481 1248 3560 ct

57 3580 143 3664 qaod
165 3583 284 3643 ceteras
304 3598 398 3664 aquas
420 3599 511 3660 supra
530 3582 737 3661 percensitos‚
763 3581 884 3660 praeter
903 3578 1047 3657 Appiam,
1069 3579 1245 3660 antiquitate

56 3680 233 3761 superabat.
275 3679 343 3744 Pol.
372 3698 455 3741 suam
482 3680 642 3741 lectionenr
670 3679 755 3743 alias
781 3697 883 3742 omnes
911 3676 1078 3759 praecedit
1096 3677 1245 3758 explicat:

58 3779 194 3843 Anionis
223 3778 305 3842 Nori
333 3781 422 3856 origo
449 3798 467 3841 a
493 3779 633 3841 milliario
660 3783 700 3840 42
729 3777 816 3861 [Art.
840 3780 894 3848 15)
922 3777 997 3838 allas
1019 3795 1123 3839 omnes
1152 3796 1245 3859 aquas

59 3879 285 3960 longinquitate
310 3878 523 3958 praecedebat.
563 3879 644 3960 quod
678 3895 777 3959 neque
810 3878 869 3943 lert
899 3876 1049 3955 latinitas,
1084 3895 1182 3960 neque
1209 3896 1246 3940 ea

56 3979 302 4040 conmemoratio
323 3976 395 4041 lruic
416 3978 485 4040 loco
508 3982 577 4058 apta
597 3979 656 4041 est.
698 3976 771 4040 Sch.
792 3976 892 4039 locun
913 3979 960 4038 sio
981 3979 1168 4042 constituit:¹
1183 3978 1244 4038 Al-

58 4078 251 4140 tera-Arrio
271 4077 385 4141 Novae
404 4087 528 4152 uocata,
552 4082 644 4158 eopia
665 4077 748 4139 aliae
766 4094 868 4139 omnes
882 4075 1055 4160 praeeedit.
1076 4077 1244 4156 respiciens

58 4175 131 4240 Art.
151 4180 206 4241 ol:
229 4181 389 4260 inprimis
408 4177 579 4241 abundans.
621 4175 668 4238 Ne
690 4177 739 4237 cui
760 4177 791 4238 in
812 4180 938 4240 mentem
959 4177 1064 4238 veniat
1084 4175 1245 4237 lectionem

60 4296 79 4337 a
107 4274 175 4338 l'ol.
201 4276 355 4354 vulgatam
383 4277 571 4355 interpretari
600 4276 792 4355 „praecedit,
821 4277 842 4339 i.
864 4294 893 4340 e.
918 4273 1090 4352 antecellit,
1126 4279 1248 4353 superat

58 4379 181 4439 ceteras
202 4376 330 4460 aquas,“
353 4394 397 4440 se.
418 4375 565 4456 bonitate,
588 4376 822 4440 commonefacio
843 4375 1002 4438 verborum
1012 4373 1081 4438 Art.
1094 4377 1151 4436 or:
1171 4372 1245 4438 Nc-

1362 113 1366 125 Ι

1353 132 1358 145 0
